4524 5496
629 462 635 483 ἡ
715 345 789 426 182
997 337 1260 424 strutus
1297 314 1447 426 xcix.
1515 277 1743 426 narsem.

512 579 580 630 ctu.
611 587 649 620 ιι.
759 557 1089 651 Praesumptionem
1107 556 1473 646 hominmn‚tnrrim
1500 555 1684 652 usquead
1710 556 1845 628 coelum
1877 555 2061 630 aedificare

703 651 938 740 molentium,
954 655 1127 746 repressit
1149 652 1354 740 Dominus,
1371 649 1634 723 confundendo
1658 651 1801 744 linguas
1828 673 1967 722 eorum.

513 763 580 814 Gen·
603 773 644 808 2¹·
667 763 694 804 et
762 746 980 818 Mirabiliter
995 759 1106 820 natus
1126 759 1181 818 est
1198 749 1298 816 Isaac
1312 747 1431 836 ,idem
1458 747 1676 818 mirabiliter
1695 746 1891 836 liberatuS,
1908 748 2064 839 quando

583 841 625 874 ²²·
713 842 840 912 debuit
868 842 1069 933 immolari,
1088 845 1201 914 ariete
1222 843 1321 927 inter
1343 867 1475 936 vepres
1498 839 1672 911 baerente.

515 935 598 1032 exoa,
624 952 647 1000 7·
667 933 693 980 ⁸·
762 936 881 1024 Quam
899 937 1018 1007 multa
1034 937 1159 1008 l'ecerit
1175 935 1358 1007 Dominus
1374 934 1552 1007 miracula
1566 960 1632 1028 per
1648 941 1819 1032 Moysen,
1830 959 1914 1006 cum
1926 933 2068 1010 eduxit

538 1019 563 1068 9'
584 1009 610 1050 ‘t
630 1015 669 1048 '⁰'
714 1029 809 1100 filios
831 1031 942 1102 lsrael
965 1032 1010 1102 cle
1038 1035 1213 1127 AEgypto,
1235 1042 1344 1126 patet.

517 1137 600 1190 Esou.
628 1136 668 1186 13.
764 1124 911 1196 Grande
928 1128 1148 1198 miraculum
1173 1125 1262 1214 suit,
1287 1125 1387 1218 quod
1407 1149 1600 1219 nunquam
1621 1119 1741 1192 defuit
1759 1123 1930 1194 columna
1949 1128 2068 1199 nubis

714 1245 781 1314 per
796 1219 909 1311 (lieni,
921 1247 989 1292 nec
1004 1221 1178 1293 columna
1189 1221 1286 1313 ignis
1302 1245 1368 1313 per
1378 1233 1523 1291 noctem
1534 1273 1544 1310 ,
1554 1215 1690 1314 populo
1706 1219 1864 1288 exeunti
1878 1217 1922 1288 de
1936 1219 2078 1316 AEgyp-

717 1327 755 1384 to
780 1314 826 1382 ad
851 1330 987 1388 terram
1014 1319 1281 1410 promissionis.

520 1417 605 1470 Esod·
624 1413 663 1478 ¹4·
765 1409 1045 1480 Memorandnm
1062 1423 1099 1479 et
1114 1411 1277 1480 terribile
1296 1407 1519 1480 miraculum
1535 1407 1608 1479 suit
1627 1407 1665 1478 in
1688 1404 1874 1478 divisione
1897 1419 1933 1478 et
1957 1414 2077 1486 exsic-

718 1502 861 1572 catione
888 1511 1001 1574 maris
1038 1504 1163 1590 rubri,
1186 1503 1337 1598 quando
1361 1505 1591 1574 transierunt
1614 1501 1683 1572 filii
1709 1498 1822 1572 lsrael
1845 1501 1943 1574 sicco
1965 1509 2073 1601 pede,

718 1597 883 1692 AEgyptii
907 1598 1057 1668 veroin
1082 1599 1213 1668 mediis
1240 1593 1417 1668 {luctibus
1444 1597 1625 1668 obvoluti.

659 1749 666 1763 .
765 1691 836 1760 Per
855 1693 997 1786 lignum
1028 1694 1151 1786 Moysi
1174 1703 1362 1760 ostensum
1391 1690 1591 1760 dulcoratae
1610 1701 1699 1761 sunt
1721 1716 1839 1785 aquae.

659 1845 667 1862 ,
767 1784 868 1855 Misit
915 1785 1098 1856 Dominus
1134 1785 1387 1855 murmuranti
1423 1784 1561 1878 populo
1587 1787 1807 1856 coturnices.
1857 1784 1903 1856 Et.
1943 1801 2071 1882 postea

659 1938 668 1954 .
719 1877 815 1971 pluit
831 1877 905 1952 illis
926 1884 1061 1950 Manna
1078 1879 1123 1949 ad
1140 1877 1443 1950 manducandum
1464 1892 1501 1976 et
1521 1878 1654 1950 eduxit
1683 1903 1818 1973 aquam
1843 1879 1889 1952 de
1912 1897 2014 1978 petra
2032 1887 2076 1958 in

721 1973 951 2046 abundantia
977 1973 1022 2044 ad
1049 1974 1264 2047 bibendum.
1712 2035 1757 2062 Λ

660 2123 668 2140 .
769 2070 1092 2140 Murmurantibus
1109 2124 1119 2156 ‚
1138 2081 1175 2140 et
1201 2067 1384 2146 desiderio
1414 2071 1581 2140 carnium
1608 2065 1849 2160 flagrantibus
1864 2070 1907 2142 in
1930 2071 2073 2147 deserto

720 2161 808 2233 filiis
827 2163 940 2235 Israel
969 2163 1070 2234 misit
1093 2166 1192 2234 Dens
1222 2188 1351 2234 carnes
1378 2166 1418 2234 in
1452 2162 1692 2234 abundantia.

662 2301 669 2314 ·
771 2258 971 2330 Occasione
992 2257 1182 2330 seditionis
1203 2255 1294 2328 Core
1317 2269 1354 2328 et
1370 2257 1592 2352 complicum
1615 2285 1793 2352 suorum,
1823 2261 1940 2336 multa
1959 2265 2076 2336 mira-

622 2353 645 2383 ”·
723 2351 808 2426 cula
835 2355 1083 2448 contigerunt.

663 2487 671 2502 ·
772 2449 944 2520 Percussi
969 2449 1037 2520 filii
1064 2448 1177 2520 Israel
1205 2473 1226 2518 a
1253 2447 1486 2536 serpentibus
1508 2449 1662 2541 ignitis,
1693 2461 1729 2520 et
1750 2451 1967 2546 aspicientes
1995 2479 2076 2527 ser-

723 2554 873 2636 pentem
902 2569 1047 2610 aeneum
1075 2545 1314 2611 curabantur.

662 2675 671 2694 .
774 2630 944 2702 Adduxit
955 2631 1138 2702 Dominus
1158 2633 1253 2703 filios
1273 2632 1385 2702 lsra'e'l
1402 2659 1468 2728 per
1483 2634 1670 2708 desertum
1688 2638 1929 2732 qnadraginta
1946 2647 2077 2739 annis,

726 2737 762 2796 et
781 2749 857 2794 non
875 2738 964 2818 sunt
985 2724 1112 2796 attrita
1130 2726 1354 2799 vestimenta
1376 2753 1501 2800 eorum
1518 2785 1528 2822 ,
1544 2755 1612 2801 neo
1629 2733 1865 2804 calceamenta
1883 2749 2077 2812 vetustate

727 2833 956 2911 consumpta.
1622 2826 1627 2836 “

665 2962 673 2978 .
774 2913 939 2982 Veniens
960 2911 1107 2984 Balaam
1128 2911 1174 2980 ad
1193 2881 1488 2988 maledicenduin
1507 2921 1645 3015 populo
1660 2921 1741 3012 Dei,
1758 2917 1975 3015 redargutus
1992 2923 2073 2997 fuit

728 3005 775 3076 ab
798 3004 920 3096 asina,
947 3007 1009 3076 cui
1029 3005 1223 3077 insidebat.
2050 3047 2054 3056 ’

526 3099 606 3189 issue
625 3131 651 3181 s.
776 3100 954 3192 Ingressis
980 3099 1066 3171 filiis
1093 3101 1205 3172 Israel
1233 3101 1394 3176 fluvium
1426 3105 1622 3200 Jordanis,
1651 3112 1946 3184 intumescebant
1968 3139 1990 3184 a
2015 3141 2076 3188 uae

729 3196 936 3289 superiores
958 3195 1004 3266 ad
1031 3197 1150 3268 instar
1172 3198 1336 3292 montis,
1365 3199 1558 3274 inferiores
1581 3207 1623 3276 in
1648 3233 1749 3279 mare
1774 3221 1967 3280 mortuum
1991 3142 2077 3282 des-

730 3289 945 3362 cenderunt.
1558 3337 1562 3344 ·

532 3405 608 3456 :osne
626 3397 652 3446 o.
776 3385 865 3456 Post
884 3398 1021 3478 septem
1041 3386 1219 3479 circuitus
1237 3386 1397 3462 filiorum
1417 3391 1529 3464 Israel
1548 3397 1648 3466 muri
1670 3396 1820 3469 Jericho
1841 3409 2070 3469 corruerunt.

532 3508 608 3558 tosus
625 3513 663 3548 ιο.
778 3478 953 3578 Obedivit
986 3480 1170 3589 Dominus
1196 3496 1286 3556 voto
1314 3485 1448 3580 Josue,
1475 3487 1643 3561 dicenti:
1673 3492 1734 3563 Sol
1766 3505 1892 3564 contra
1920 3491 2076 3565 Gabaon

728 3601 807 3649 non
833 3601 1025 3649 movearis.

534 3685 619 3742 tuate.
640 3701 664 3752 7·
777 3669 1125 3744 ImmisitDominus
1143 3669 1302 3763 gladium
1323 3676 1363 3747 in
1380 3675 1552 3750 om'nibus
1569 3679 1696 3751 castris
1713 3682 1877 3770 Madian,
1890 3693 1926 3752 et
1943 3681 2074 3752 mutua

735 3793 773 3836 se
796 3765 893 3833 caede
915 3763 1140 3836 truncabant
1163 3791 1170 3832 :
1195 3768 1326 3860 Sicquc
1345 3795 1410 3863 per
1430 3797 1566 3862 paucos
1592 3773 1702 3845 multi
1719 3774 1890 3848 debellati
1908 3773 2073 3848 suerunt.
2097 3810 2102 3816 ·

537 3896 561 3928 ι.
579 3877 642 3938 neg.
661 3869 686 3918 5.
777 3859 853 3963 ¹Per
877 3883 1004 4018 larcam
1026 3860 1178 3931 Domini
1205 3885 1226 3930 a
1248 3859 1445 3962 Philistaeis
1475 3877 1641 3960 captam,
1664 3869 1781 3941 multa
1801 3871 1953 3943 i'ueiunt
1976 3869 2076 3942 facta

734 3971 922 4019 mmma

376 4029 383 4040 ’
440 4114 443 4124 ,
538 4081 561 4116 ι.
579 4063 642 4128 neg·
656 4057 696 4123 14.
782 4041 961 4112 Jonatllas
981 4054 1017 4112 et
1038 4049 1196 4140 armiger
1214 4054 1294 4145 ejus
1312 4065 1367 4124 tot
1389 4053 1435 4124 de
1454 4053 1652 4128 Philistaeis
1671 4059 2071 4156 pe1cusserunt,quod

734 4134 951 4213 factumest
973 4136 1217 4239 miraculum,
1244 4159 1280 4220 et
1297 4143 1446 4222 turbata
1467 4163 1556 4226 sunt
1577 4163 1704 4228 castra.
