4498 5462
680 397 757 478 160
813 389 1075 476 TITULUS
1105 387 1344 473 LXXXVI.
1370 387 1625 471 Juramema
1652 403 1695 466 et
1714 401 1812 466 vota
1832 401 1915 467 etc.

678 633 856 701 suspensa
875 621 929 681 est
952 605 1022 682 sub
1047 633 1131 702 rege
1153 607 1293 700 David,
1317 605 1472 703 quande,
1493 604 1541 676 ob
1570 627 1650 675 eam
1682 603 1876 697 perfidiam
1908 609 2028 687 sames

676 705 833 774 triennis
860 706 1026 778 immissa
1057 704 1129 776 suit
1158 731 1268 800 super
1296 715 1443 776 terram.
2010 707 2016 714 ’

351 833 354 840 .
480 807 575 854 serem.
598 805 639 874 37·
724 797 888 870 Sedecias
908 799 1438 872 NabuchodonosoriEthuico
1460 799 1715 892 juramentum
1741 794 1910 892 dederat,
1930 829 1969 875 se
1988 805 2031 878 in

513 877 540 922 ⁰²
558 875 599 924 3⁰·
673 895 790 984 ipsms
813 894 1064 968 dominatione
1092 917 1387 990 permansurum.
1412 891 1479 962 Sed
1503 889 1570 961 ubi
1588 891 1844 974 iuramentum
1865 895 1991 991 fregit,
2006 925 2029 972 a

673 985 1034 1064 Nabuchodonosore
1050 991 1197 1080 defecit,
1215 1002 1251 1062 et
1270 989 1316 1059 ad
1335 987 1485 1082 AEgypti
1508 987 1639 1077 Regem
1657 989 1884 1082 transfugit3
1904 1009 2029 1065 vasta-

671 1094 753 1154 tum
766 1098 820 1157 est
832 1091 913 1181 ejus
929 1111 1101 1181 regnum,
1113 1085 1256 1180 direpta
1266 1084 1357 1156 urbs
1369 1091 1514 1174 sancta,
1527 1093 1562 1152 et
1573 1082 1652 1176 ipse
1663 1107 1750 1156 cum
1767 1083 1857 1160 filiis
1873 1089 2024 1162 interiit.

1022 1249 1365 1456 arrunud
1393 1323 1670 1451 cxxxvi.

716 1563 723 1570 '
854 1539 1102 1632 Juromema
1134 1567 1173 1630 et
1204 1565 1293 1629 voto
1324 1547 1454 1657 zinpz'a
1484 1575 1565 1627 non
1602 1542 1820 1655 implenda.

477 1771 501 1805 ι.
523 1755 586 1823 neg.
608 1753 651 1806 25.
669 1675 890 1808 Laudatur
910 1739 1055 1829 David,
1087 1736 1186 1834 quod
1212 1733 1257 1806 ad
1276 1758 1401 1830 preces
1430 1730 1573 1830 Abigail
1604 1759 1678 1806 nou
1703 1733 1877 1808 occiderit
1901 1733 2021 1811 Nabal

669 1838 751 1930 ejus
778 1833 981 1922 maritum,
1009 1837 1105 1908 sicut
1121 1835 1161 1904 in
1184 1831 1378 1904 iracundia
1396 1832 1588 1924 juraverat
1614 1855 1652 1900 se
1679 1827 1878 1902 facturum.

477 1957 500 1992 ι·
523 1943 585 2011 Rea·
612 1941 651 2008 rt·
717 1930 888 2000 Peccavit
915 1929 1003 2000 Saul
1029 1931 1165 2001 temere
1189 1939 1224 1998 et
1250 1927 1462 1998 inconsultis
1488 1923 1684 2017 vovend0,
1709 1925 1899 1998 neminem
1922 1929 2026 2001 viro-

669 2050 778 2113 rum,
810 2025 876 2117 qui
899 2050 1024 2116 secum
1051 2036 1156 2096 erant
1172 2076 1181 2115 ,
1200 2020 1340 2116 aliquid
1363 2034 1510 2117 gustare
1533 2020 1689 2114 debere,
1711 2021 1785 2093 nisi
1806 2023 1912 2117 prius
1934 2048 2025 2098 con-

666 2119 812 2192 fecisset
835 2143 964 2191 omnes
988 2119 1124 2192 hostes.
1409 2121 1412 2129 '
1916 2149 1923 2162 ·

472 2233 559 2286 rusie.
586 2253 623 2288 ιι.
714 2213 847 2310 Jephte
867 2229 1102 2310 pugnaturus
1125 2228 1255 2286 contra
1270 2212 1366 2286 filios
1387 2213 1549 2286 Ammon
1567 2224 1701 2287 votum
1719 2213 1828 2288 vovit
1846 2215 2026 2310 Domino,

664 2311 791 2385 dicens
816 2335 823 2378 :
852 2311 889 2382 si
902 2310 1098 2384 tradideris
1122 2309 1219 2383 filios
1243 2315 1405 2381 Ammon
1430 2310 1471 2380 in
1496 2334 1630 2384 manus
1657 2335 1780 2400 meas,
1808 2311 2023 2408 quicunque
2105 2397 2111 2406 Ι

663 2408 808 2504 primus
824 2404 940 2479 suerit
960 2406 1127 2503 egressus
1153 2405 1198 2477 de
1222 2404 1366 2477 foribus
1384 2403 1516 2497 domin
1536 2429 1647 2493 meae,
1665 2403 1834 2498 mihique
1848 2429 2022 2479 occurre-

663 2504 737 2594 rit,
757 2527 843 2574 eum
864 2502 1126 2577 holocaustum
1148 2500 1300 2568 offeram
1320 2501 1491 2569 Domino.
1512 2497 1623 2571 Unde
1645 2511 1772 2595 postea
1788 2499 1923 2592 filiam,
1939 2527 2024 2598 quae

663 2599 785 2689 prima
809 2594 842 2660 ei
867 2591 1051 2682 occurrit,
1074 2591 1295 2665 immolavit.
1319 2594 1389 2664 Sed
1406 2593 1479 2666 tale
1498 2606 1632 2669 votum
1652 2621 1731 2670 non
1754 2611 1833 2670 erat
1855 2597 2024 2693 licitum,

664 2685 930 2758 multominus
953 2685 1165 2781 adimpletio
1186 2686 1276 2760 voti.
1625 2743 1634 2752 .

473 2799 496 2834 ¹·
515 2781 602 2834 uach.
620 2801 647 2854 9·
714 2781 915 2876 Postquam
942 2806 1138 2875 percussus
1172 2782 1246 2856 fuit
1269 2783 1477 2859 Antiochus
1508 2789 1727 2883 gravissimi
1754 2801 1789 2862 et
1818 2789 2020 2863 insanabili

664 2876 794 2970 plagii,
816 2877 1002 2984 pollicitus
1022 2888 1077 2948 est
1100 2876 1240 2950 Judaeis
1255 2903 1341 2950 cum
1360 2883 1594 2975 juramento,
1615 2886 1751 2981 templo
1776 2885 2018 2982 ierosolymi-

665 2982 755 3040 tano
777 2970 961 3042 mirabilia
987 2997 1024 3044 se
1051 2971 1250 3044 facturum.
1277 2974 1346 3046 Sed
1372 2975 1469 3050 nihil
1497 2981 1531 3051 ei
1585 2980 1726 3073 rosuit,
1748 2981 1834 3077 quia
1862 3007 1941 3054 non
1965 3006 2016 3054 ex

666 3063 885 3158 devotione,
914 3066 977 3138 sed
999 3094 1048 3140 ex
1069 3071 1202 3142 timore
1230 3083 1267 3142 et
1280 3069 1541 3168 ,desperatione
1559 3005 1640 3148 hoc
1662 3077 1841 3172 promisit.

469 3161 560 3214 3⁰²0*
579 3164 620 3216 23·
712 3162 874 3256 impium
901 3174 938 3234 et
960 3164 1107 3236 crudele
1126 3176 1258 3237 votum
1283 3165 1454 3242 fecerunt
1469 3170 1591 3244 Judaei
1612 3173 1689 3266 illi,
1716 3175 1783 3270 qui
1805 3173 2020 3247 accedentes

664 3255 710 3327 ad
734 3258 919 3352 principes
940 3259 1190 3351 sacerdotum,
1217 3259 1429 3336 dixerunt:
1464 3265 1664 3342 devotione
1696 3269 1919 3346 devovimus
1945 3295 2017 3342 nos

662 3351 759 3426 nihil
780 3364 1012 3449 gustaturos,
1039 3353 1157 3427 donec
1184 3357 1394 3431 occidamus
1423 3361 1594 3434 Paulum.

991 3548 1321 3640 TITULUS
1377 3555 1678 3644 LXXXVII.

1088 3725 1263 3812 Justi'tz'a
1310 3751 1350 3814 et
1392 3737 1575 3845 aequitas.

461 3913 530 3966 oen.
552 3911 592 3962 ¹³·
656 3850 875 3984 Abraham
894 3893 1024 3988 volens
1049 3921 1210 4014 separari
1233 3917 1365 3992 aLoth
1381 3937 1516 4032 nepote
1537 3948 1623 4015 suo,
1639 3921 1741 3998 dedit
1758 3926 1792 3998 ei
1807 3927 2019 4021 optionem,

656 4018 701 4076 ut
723 4006 871 4114 ehgeret
895 4021 1036 4118 partem
1050 4040 1196 4177 ,quam
1218 4015 1356 4091 vellet:
1387 4029 1499 4090 etsie
1522 4017 1678 4114 pulchre
1701 4023 1838 4118 poterit
1864 4025 2019 4122 partitio

656 4099 759 4192 fieri,
785 4115 830 4174 ut
857 4126 977 4197 major
996 4103 1076 4178 divi
1104 4121 1162 4201 at,
1189 4125 1226 4184 et
1253 4111 1377 4190 minor
1400 4113 1520 4208 eligat.

461 4219 529 4272 Gen.
552 4217 593 4270 30.
703 4197 812 4270 Dixit
831 4197 945 4271 Jacob
961 4199 1005 4276 ad
1024 4202 1149 4275 Laban
1168 4230 1175 4274 ε
1194 4206 1442 4302 Respondebit
1467 4235 1547 4284 cras
1568 4214 1714 4308 justitia
1739 4239 1833 4289 mea.

460 4317 486 4383 4.
497 4322 570 4410 neg.
584 4335 608 4372 2.
701 4293 858 4368 Elisaeus
875 4297 1065 4396 permisit,
1088 4301 1188 4398 quod
1205 4301 1274 4376 filii
1294 4303 1562 4403 prophetarum
1579 4323 1794 4428 quaererent
1808 4313 2019 4480 Eliamf,1qe

1931 4432 1954 4480 o
1994 4431 2018 4478 e
