4310 5472
255 315 555 444 *mutus
578 316 669 452 XL.
699 317 872 408 Derisio
903 340 946 408 et
978 319 1186 409 Comitia?
1223 353 1229 365 ·
1362 323 1412 428 75

62 536 173 634 guod
195 546 324 608 contra
343 535 459 630 legem
478 535 591 608 homo
612 535 675 606 hic
696 533 891 630 persuadet
911 532 1128 606 hominibus
1148 534 1266 605 colere
1281 537 1412 610 Deum.

119 627 229 723 Apud
254 627 462 724 Ephesum,
484 655 568 701 cum
587 629 739 724 quidam
760 628 1042 719 indurarentur,
1057 638 1094 698 et
1109 653 1186 700 non
1198 631 1413 723 crederent,
1432 655 1522 710 totos.
1541 673 1578 725 ¹s·

69 721 330 796 maledicentes
356 725 457 797 viam
480 725 653 814 Domini,
670 747 794 796 eoram
809 721 1072 812 multitudine,
1087 721 1278 797 discedens
1298 727 1413 800 abeis

65 815 211 888 Paulus
234 818 435 910 segregavit
457 815 667 924 discipulos.

120 909 280 999 Quidam
303 910 425 982 ludar-i
441 909 487 979 de
500 912 605 998 Assa,
623 908 793 982 videntes
813 911 974 984 Paulum
991 912 1034 982 in
1052 911 1209 1006 templo,
1231 913 1415 987 clamave-
1432 941 1523 992 seur.
1541 953 1578 991 n.

63 1015 193 1098 runt:
217 1003 299 1074 Viri
323 1003 499 1074 israelitae
519 1001 713 1096 adjuvate,
741 1002 804 1076 hio
828 1017 883 1076 est
907 1004 1043 1092 homo,
1062 1007 1129 1098 qui
1150 1005 1329 1079 adversus
1347 1034 1416 1102 po-

64 1097 204 1193 pulum
226 1109 264 1167 et
288 1096 406 1188 legem
427 1107 464 1166 et
487 1095 612 1166 locum
638 1095 741 1166 hunc
762 1123 890 1168 omnes
916 1098 1056 1190 ubique
1082 1097 1240 1186 docens,
1262 1102 1415 1192 insuper

63 1203 110 1263 et
124 1188 278 1282 gentiles
297 1187 452 1258 induxit
466 1190 507 1259 in
522 1188 725 1282 templum,
741 1201 778 1260 et
792 1188 949 1263 violavit
967 1200 1138 1260 sanctum
1153 1189 1276 1261 locum
1288 1192 1413 1262 istum.

121 1283 254 1354 Coram
277 1280 395 1352 Felice
411 1281 565 1376 praeside
580 1286 772 1376 proposuit
791 1294 930 1354 contra¹
942 1282 1102 1354 Paulum
1117 1283 1305 1355 Tertullus
1322 1284 1417 1354 Ora·
1433 1301 1523 1376 Actor.
1545 1300 1588 1366 ss.
1709 1314 1714 1320 ·

66 1387 134 1448 tor
153 1399 221 1469 pro
235 1375 258 1445 J
262 1374 396 1465 udaeis,
418 1375 568 1448 dicens:
597 1377 817 1450 Invenimus
837 1375 942 1447 hunc
962 1375 1154 1447 bominem
1176 1376 1416 1472 pestiferum,

67 1472 319 1541 concitantem
338 1469 548 1541 seditiones*
562 1470 736 1543 omnibus
754 1469 894 1542 Judaeis
910 1471 952 1541 in
968 1471 1146 1542 universo
1168 1471 1273 1560 orbe,
1295 1483 1332 1542 et
1347 1495 1417 1543 au-

66 1561 217 1636 thorem
240 1560 429 1635 seditionis
446 1618 456 1655 ,
474 1575 581 1636 sectae
602 1562 902 1656 Nazarenorum,
928 1565 995 1659 qui
1018 1564 1130 1634 etiam
1155 1563 1337 1660 templum
1359 1588 1417 1635 co-

66 1667 181 1729 natus
204 1653 260 1728 est
279 1655 429 1728 violare.

117 1751 338 1846 Disputante
365 1749 480 1823 Paulo
513 1749 611 1848 apud
638 1747 825 1844 Athenas,
852 1747 1004 1847 quidam
1031 1752 1216 1846 Epicuraei
1240 1764 1277 1824 et
1304 1753 1416 1824 Stoici
1434 1779 1526 1832 Actor.
1548 1795 1585 1847 ¹7·
1645 1811 1649 1822 .

63 1841 289 1939 Philosophi
305 1844 476 1916 dicebant
503 1871 511 1914 :
541 1845 732 1934 Quidnam
757 1847 844 1921 vult
876 1845 1128 1941 spermologus
1162 1846 1226 1918 hio
1256 1845 1417 1920 dicere?

61 1936 144 2008 Alii
175 1963 286 2010 vero:
304 1937 502 2014 Novorum
525 1940 795 2011 daemoniorum
813 1941 1062 2012 annunciator
1088 1953 1152 2012 est.

115 2031 270 2102 Barbari
291 2031 462 2104 videntes
473 2033 638 2127 viperam
655 2033 878 2125 pendentem
888 2033 929 2103 in
945 2056 1062 2102 manu
1072 2033 1201 2122 Pauli,
1218 2031 1414 2104 dixerunt:
1435 2062 1525 2114 Actor.
1546 2057 1589 2110 2⁸.

55 2124 202 2216 ntique
221 2121 410 2226 homicida
427 2123 491 2194 hic
513 2138 568 2196 est
586 2179 596 2214 ‚
614 2125 680 2218 qui
702 2149 790 2198 cum
812 2125 972 2198 evaserit
990 2123 1037 2196 de
1058 2127 1150 2200 navi
1169 2137 1237 2198 eto.
1253 2125 1324 2198 Sed
1343 2127 1417 2200 cito

55 2226 198 2312 postea
216 2235 432 2306 epimonem
458 2227 710 2287 mutaverunt.

504 2333 835 2468 strutus
887 2379 980 2467 xn.

483 2553 652 2637 Densis
703 2572 744 2635 et
798 2549 1001 2633 Concilio.
1098 2577 1100 2582 ’

58 2687 177 2818 Viri
195 2741 351 2816 Soccoth
379 2751 416 2814 et
445 2740 616 2814 Phanuel
646 2737 857 2812 deriserunt
880 2733 1093 2807 Gedeonern
1111 2789 1121 2826 ,
1142 2739 1258 2810 Zebee
1279 2752 1317 2812 et
1344 2741 1418 2813 Sal·
1434 2761 1518 2815 sune.
1544 2761 1571 2815 s.

57 2864 178 2914 manu
206 2848 500 2933 persequentem.
531 2835 601 2909 Sed
634 2833 721 2908 inde
743 2830 840 2905 male
853 2830 924 2930 ,eis
949 2829 1105 2923 accidit,
1127 2835 1217 2927 quia
1237 2834 1331 2906 male
1354 2861 1416 2908 eos

56 2947 194 3032 postea
215 2934 399 3006 tractavit.

115 3028 345 3134 Contempsit
372 3025 488 3096 Nabal
509 3026 626 3099 verba
652 3025 877 3096 nunciorum
898 3018 1020 3092 David
1046 3021 1329 3113 stomachando,
1358 3021 1417 3096 di·
1435 3062 1459 3098 1.
1481 3047 1544 3113 aeg.
1568 3043 1611 3099 αὔ.

57 3145 157 3194 cens
181 3144 189 3185 :
213 3120 307 3205 Qurs
323 3130 379 3188 est
400 3119 471 3189 iste
490 3119 614 3192 David
628 3115 646 3184 l
661 3121 709 3188 Et
724 3111 813 3212 'quis
836 3123 890 3184 est
909 3109 1011 3184 filius
1033 3111 1141 3184 lsai?
1162 3117 1278 3188 Hodie
1294 3119 1417 3188 incre-

57 3221 211 3290 verunt
229 3209 350 3297 servi,
365 3213 431 3302 qui
452 3209 604 3304 fugiunt
626 3212 804 3282 Dominus
833 3229 930 3276 suos.
1140 3269 1151 3278 .
1364 3289 1368 3296 ‚

117 3300 272 3378 Michol
296 3299 399 3370 'dens
416 3327 538 3394 regem
549 3300 671 3374 David
688 3303 883 3374 saltantem
903 3309 989 3368 ante
1008 3322 1130 3370 arcam
1145 3301 1317 3389 Domini,
1334 3301 1417 3372 des·
1434 3340 1458 3374 η.
1483 3293 1545 3392 ing.
1567 3325 1596 3372 a.

53 3401 176 3498 pexit
199 3421 309 3484 eum,
334 3391 424 3489 quia
450 3394 597 3464 nudum
627 3417 711 3466 eum
735 3394 841 3465 vidit.
872 3387 921 3458 Et
944 3391 1183 3482 postmodum
1202 3392 1418 3464 insultando

55 3507 106 3565 et
133 3489 356 3577 deridendo,
384 3486 484 3558 dixit
508 3510 515 3552 :
542 3485 665 3571 Quam
688 3483 866 3576 gloriosus
889 3481 962 3551 fuit
984 3479 1095 3552 hodie
1122 3482 1223 3553 rex?

119 3583 315 3655 Derisoriis
335 3581 460 3655 verbis
483 3577 582 3649 dixit
603 3577 719 3672 impia
739 3575 886 3646 lezabel
914 3573 961 3642 ad
987 3572 1139 3644 Achab:
1164 3574 1323 3646 Grandis
1350 3599 1418 3648 au-
1435 3601 1461 3652 3.
1486 3605 1549 3669 neg.
1570 3615 1613 3662 st·

55 3675 262 3754 thoritstts
283 3701 345 3766 es,
371 3686 408 3745 et
429 3674 524 3745 bene
542 3671 637 3764 regis
658 3693 814 3764 regnum
834 3665 959 3740 Israel.

121 3771 220 3858 Quia
239 3769 345 3864 pueri
360 3768 560 3840 illuserunt
574 3765 708 3836 Elisaeo
725 3763 887 3836 dicentes
900 3786 906 3829 :
920 3757 1086 3832 Ascende
1103 3762 1228 3856 calve,
1247 3761 1323 3836 duo
1338 3765 1418 3838 ursi
1435 3783 1462 3850 4.
1492 3785 1554 3852 neg.
1585 3798 1612 3835 a.

56 3869 332 3941 laceraverunt
349 3861 594 3958 quadraginta
617 3859 710 3930 duos
732 3859 867 3942 exeis.

123 3959 320 4049 Cursores,
339 3981 433 4052 quos
456 3949 780 4044 misit'Ezezhias,
802 3978 867 4046 per
879 3948 1004 4022 rebant
1017 3949 1192 4023 velociter
1206 3949 1251 4022 de
1268 3951 1417 4024 civitate
1436 3984 1461 4020 α.
1485 3969 1545 4024 Pu.
1570 3967 1615 4020 to.

55 4059 115 4131 in
127 4052 338 4143 civitatem,
352 4049 593 4143 predicantes
607 4103 616 4138 ,
632 4058 675 4118 ut
686 4046 753 4118 filii
766 3979 1131 4118 larabirevertantur
1142 4043 1188 4118 ad
1202 4047 1416 4122 Dominum.

121 4144 204 4218 lllis
232 4143 478 4220 irridentibus
500 4167 592 4221 vero
616 4165 658 4214 ac
687 4135 1024 4232 subsannantibus,
1051 4151 1118 4214 ete.

927 4227 1004 4304 Ka
