4464 5464
744 525 861 630 274.
901 513 1165 604 annuus
1210 512 1383 602 oxnv.
1432 511 1563 602 auen
1595 513 1719 600 aona
1764 461 1941 610 insons.

769 655 2114 694 *W
2214 697 2215 708 t

1136 759 1470 859 TITULUS
1514 761 1712 860 CXLV.

1174 939 1309 1023 Pueri
1347 939 1466 1023 bona
1504 943 1670 1032 indolis.

544 1145 616 1197 ees.
634 1157 678 1194 αι.
739 1069 854 1204 Non
883 1093 1022 1226 legitur
1049 1131 1153 1203 Isaac
1181 1128 1439 1240 munnurlsse
1472 1133 1534 1210 rel
1555 1133 1725 1248 'fugissm
1744 1145 1900 1240 quando
1930 1155 2015 1253 ejus
2048 1191 2111 1264 pa.

740 1243 799 1305 ter
825 1253 875 1302 ex
930 1239 1088 1323 raecepto
1124 1225 1279 1300 Domini
1299 1252 1426 1323 ipsum
1459 1229 1582 1304 volu1t
1615 1238 1822 1316 immolare.
2104 1333 2109 1340 ,

543 1343 610 1395 oen.
635 1341 697 1410 352·
789 1254 929 1419 Josepii
939 1321 1129 1398 accusavit
1140 1319 1275 1396 fratres
1286 1347 1373 1398 suos
1384 1325 1483 1422 apud
1494 1339 1637 1422 patrem
1649 1334 1808 1411 crimine
1820 1345 2108 1452 pessimo,qu0‹l

623 1411 627 1421 ’
712 1477 714 1482 ,
739 1421 870 1496 eratin
882 1446 926 1493 eo
938 1419 969 1492 si
993 1445 1087 1492 num
1104 1416 1361 1494 detestationis
1373 1423 1534 1518 peccati,
1553 1436 1590 1498 et
1607 1431 1706 1524 patri
1716 1431 1856 1511 dicenti
1871 1467 1879 1510 :
1894 1443 2008 1542 Veni,
2025 1457 2107 1528 mit-

608 1519 610 1522 ’
739 1531 818 1592 tam
838 1528 875 1590 te
898 1516 946 1589 ad
970 1447 1107 1590 iratres
1129 1527 1215 1588 tuos
1233 1541 1242 1586 ι
1261 1515 1478 1593 obedienter
1500 1525 1693 1634 respondit
1716 1553 1725 1597 :
1748 1531 1885 1608 Praesto
1914 1565 2001 1616 sum
2035 1563 2105 1624 etc,

543 1643 565 1679 ι.
590 1629 654 1745 Rib'
677 1642 704 1678 α.
789 1614 938 1687 Samuel
963 1611 1094 1779 {dm
1123 1637 1236 1710 puer,
1257 1625 1337 1715 erat
1359 1617 1532 1692 minister
1561 1645 1604 1694 m
1625 1641 1817 1724 conspeetu
1836 1631 2007 1730 Domini,
2030 1643 2096 1718 ubi

591 1713 604 1744 ⁶
656 1729 663 1743 ·
850 1733 871 1778 a
999 1735 1044 1780 e1.

545 1847 569 1880 ι.
589 1831 653 1896 aeg.
681 1843 721 1895 ¹9·
740 1721 950 1892 eraQtuapppo
977 1800 1108 1876 debuit
1133 1803 1176 1874 iu
1201 1819 1325 1900 regem
1351 1808 1486 1904 mungi
1512 1813 1661 1909 David,
1678 1829 1755 1894 erat
1779 1821 1822 1896 in
1847 1847 1933 1921 agro
1959 1811 2119 1924 parru-⁸

737 1898 817 1989 lus,
828 1910 866 1971 et
884 1899 1054 1995 pascebat
1069 1923 1179 2000 oves,
1189 1911 1369 1996 tanquam
1388 1905 1487 1998 patri
1504 1907 1679 1987 obediens
1695 1915 1890 1996 humiliter
1903 1938 1941 1999 et
1952 1927 2102 2024 abjecte.

540 2015 566 2085 4.
587 2017 653 2084 neg.
679 2029 720 2066 n.
787 1996 876 2069 Joas
912 1993 1013 2072 fitius
1052 1994 1309 2106 loramnregis
1344 1996 1367 2068 J
1370 1999 1461 2094 uda‘,
1482 2017 1576 2100 puer
1612 2023 1753 2108 septem
1785 2043 1995 2119 annorum,
2022 2049 2102 2102 curn

737 2116 892 2188 regnare
919 2092 1091 2187 coepisset
1104 2089 1222 2187 ,iecit
1245 2093 1515 2189 quodbonum
1542 2118 1621 2181 erat
1646 2133 1781 2188 coram*
1799 2117 1981 2216 Domino,
1994 2148 2099 2200 cuno

737 2188 788 2264 tis
822 2186 954 2260 diebus
992 2185 1134 2284 Jojadse
1164 2187 1379 2265 sacerdotis.

539 2305 566 2374 4.
590 2305 653 2373 aeg.
675 2318 718 2355 aa.
787 2285 882 2357 Octo
914 2307 1101 2358 annorum
1143 2297 1223 2358 erat
1259 2284 1396 2382 Josias,
1419 2315 1507 2367 cum
1543 2321 1698 2397 regnare
1735 2312 1925 2410 coepisset,
1945 2316 2104 2418 fecitque

738 2377 839 2478 quod
869 2379 1049 2478 placitum
1075 2392 1155 2454 erat
1184 2406 1309 2458 coram
1341 2385 1522 2490 Domino,
1545 2409 1583 2471 et
1604 2409 1731 2478 tamen
1756 2411 1935 2506 pessimos
1965 2428 2105 2512 patrem
2214 2485 2215 2502 ,

601 2531 604 2536 ·
738 2489 777 2550 et
804 2501 920 2551 avum
949 2475 1145 2552 habuerat.
1799 2523 1801 2526 ·

539 2591 608 2642 rob.
634 2607 657 2641 ι.
787 2573 925 2646 Tobias
943 2598 1031 2646 oum
1050 2585 1146 2648 esset
1161 2575 1287 2650 minor
1296 2581 1473 2660 omnibus
1488 2587 1530 2661 in
1544 2591 1648 2668 tribu
1664 2595 1877 2696 Nephtalim
1886 2661 1898 2699 ,
1914 2609 1971 2682 nil
1983 2622 2100 2685 tamen

737 2667 881 2767 puerile
892 2670 1004 2766 gessit
1017 2672 1060 2744 in
1071 2696 1191 2768 opere.
1212 2673 1261 2746 Et
1270 2673 1371 2752 idem
1383 2705 1470 2756 cum
1485 2700 1612 2782 postea
1627 2691 1747 2770 filiurn
1759 2697 1968 2798 genuisset,
1982 2709 2103 2802 ipsum

738 2767 786 2838 ab
811 2765 973 2839 infantia
997 2767 1128 2841 timere
1152 2769 1276 2844 Deum
1301 2773 1447 2873 docuit,
1470 2793 1507 2854 et
1529 2784 1711 2862 abstinere
1731 2795 1779 2866 ab
1805 2799 1909 2868 omni
1935 2819 2107 2894 peccato.

539 2876 612 2926 nan.
639 2892 662 2926 ι.
787 2862 873 2930 Sine
888 2859 1104 2967 propheta,
1125 2869 1205 2936 sine
1236 2871 1449 2968 sacerdote,
1470 2878 1549 2954 sine
1575 2885 1766 2980 magistro,
1789 2889 1921 2964 Daniel
1948 2907 1987 2966 et
2022 2909 2106 2970 tres

739 2945 829 3020 socii
864 2975 962 3046 epus,
981 2951 1101 3048 legem
1155 2958 1226 3031 Dei
1273 2965 1531 3074 observantes,
1572 2977 1712 3076 sobrie,
1754 2995 1792 3058 et
1819 2989 1918 3083 iuste
1956 3001 2010 3084 et·
2037 2993 2108 3086 pie

738 3046 922 3120 vixerunt
953 3047 1053 3124 inter
1080 3078 1215 3149 pueros
1276 3063 1418 3141 sutiles.
1711 3099 1718 3108 ·

539 3169 564 3204 ι
584 3151 673 3204 Maeh.
694 3171 730 3222 7„
786 3141 934 3217 Fratres
958 3141 1014 3219 illi
1041 3162 1182 3246 septem
1217 3083 1466 3242 adbleseentes
1485 3171 1620 3248 miram
1638 3177 1858 3273 sapientiam
1878 3183 1923 3254 in
1949 3207 2103 3282 respon-

737 3237 924 3334 sionibus,
941 3255 979 3316 et
1004 3247 1222 3342 patientiam
1252 3254 1295 3328 in
1317 3259 1625 3346 'tribulationibus
1651 3271 1882 3351 habuerunt.

537 3349 560 3402 L
564 3369 650 3403 .....
785 3336 922 3412 Beatus
943 3337 1106 3417 Joannes
1128 3345 1295 3442 Baptista
1315 3369 1644 3464 puer'ereseebat,
1663 3383 1700 3444 et
1724 3373 2004 3450 conlbrtabatur
2017 3377 2104 3473 Spi-

733 3433 836 3526 ritu,
853 3447 890 3508 et
915 3439 1054 3511 eratin
1073 3438 1220 3518 deserto
1239 3474 1360 3548 usque
1382 3455 1426 3529 ad
1451 3457 1550 3536 diem
1568 3470 1794 3545 ostensionis
1810 3497 1889 3546 suae
1906 3471 1953 3544 ad
1975 3473 2101 3546 lsrael.

439 3591 444 3598 ,
536 3540 600 3598 Lac.
626 3559 651 3598 2.
782 3529 952 3607 Salvator
970 3549 1098 3612 noster
1113 3565 1208 3636 puer
1227 3543 1438 3628 duodennis
1456 3559 1623 3637 existens
1645 3566 1686 3640 in
1704 3589 1834 3660 carne,
1848 3569 2030 3642 inventus
2046 3580 2101 3642 est

731 3624 774 3698 in
801 3629 939 3724 templo
967 3643 1004 3705 et
1031 3633 1073 3706 in
1099 3635 1226 3710 medio.
1250 3645 1477 3746 Doctorum,
1494 3659 1651 3736 audiens
1674 3662 1778 3756 illos,
1793 3677 1830 3738 et
1855 3666 2103 3760 interrogans„

730 3723 875 3798 Deinde
904 3724 1095 3806 descendit
1122 3757 1210 3808 cum
1245 3743 1361 3818 Maria
1388 3760 1426 3821 et
1455 3751 1617 3854 loseph,
1638 3773 1676 3835 et
1707 3774 1788 3836 erat
1816 3760 1988 3838 subditus
2011 3759 2102 3836 illis.

1083 3894 1431 4058 'annuus
1479 3937 1704 4028 oxnvu

1241 4103 1592 4212 Pusillaminitos.

527 4269 595 4326 oea.
613 4275 655 4342 ts·
729 4211 853 4348 Cum
872 4277 1057 4360 dixissent
1083 4291 1204 4388 angeli
1227 4295 1274 4368 ad
1306 4300 1404 4374 Lotb
1421 4328 1429 4374 :
1449 4305 1495 4380 ln
1521 4323 1650 4387 monte
1672 4311 1821 4390 salvum
1841 4317 1961 4391 telae.
1997 4315 2095 4388 iles-

726 4371 858 4464 pondit
878 4400 885 4444 :
905 4377 989 4451 Non
1022 4409 1173 4478 possum
1212 4392 1252 4464 in
1291 4409 1418 4470 monte
1450 4405 1606 4507 salvari,
1629 4437 1677 4489 ne
1709 4411 1808 4504 sorte
1836 4411 2095 4516 apprehendat

724 4489 785 4540 me
817 4469 975 4550 maltun..
1010 4479 1059 4556 Et
1091 4494 1184 4567 tunc
1211 4492 1319 4588 pejus
1349 4495 1386 4571 ei
1416 4499 1566 4602 accidit,
