4498 5462
756 387 835 520 '196
1015 357 1277 484 usurus
1309 391 1420 482 cm.
1456 391 1579 480 Mors
1611 393 1841 485 matorum.
1948 383 1955 398 ’
2075 487 2080 494 ,

754 535 2111 573 mum—Q·-

475 621 481 634 ⁸
562 619 589 724 a
605 655 668 722 reg.
684 666 724 704 ιι.
806 631 955 706 Athalia
984 644 1102 705 mater
1134 626 1308 701 Ochoziae
1343 624 1531 701 interfecit
1559 627 1683 702 omne
1707 655 1835 706 semen
1864 638 2032 747 regium,
2063 655 2113 716 ut

784 739 881 801 osset
906 750 1059 822 regnare
1082 749 1193 821 super
1208 723 1407 819 populum,
1430 734 1466 796 et
1488 723 1727 820 postmodum
1742 730 1905 828 turpiter
1914 733 2115 809 interfecta

757 751 854 916 luit,
873 827 981 920 jussu
1004 821 1143 918 Jojadae
1167 817 1375 892 sacerdotis.

561 943 587 1007 a.
607 941 669 1008 neg.
686 951 736 1010 ιη..
807 918 887 991 Rex
911 918 1008 994 Juda
1029 917 1150 990 malus
1171 928 1208 988 et
1229 915 1268 988 in
1313 926 1397 987 atus
1423 913 1530 1005 deas,
1552 914 1619 1011 qui
1641 913 1731 990 feeit
1752 919 1970 1012 Zachariam
1987 922 2115 998 filium

758 1015 899 1109 Jojadse
933 1011 1130 1124 sacerdotis
1154 1009 1276 1086 'crude
1294 1011 1363 1084 'ter
1383 1007 1561 1107 lapidari,
1588 1025 1715 1108 postea
1747 1015 1966 1091 interfectus
2002 1031 2057 1092 est
2085 1045 2114 1092 a

759 1135 876 1183 servis
898 1135 986 1181 suis.

563 1226 589 1292 4.
607 1225 673 1296 negq
688 1239 727 1292 ¹9·
805 1206 887 1276 Rex
911 1203 1154 1301 Assyriorum
1174 1199 1424 1275 Sennacherib
1444 1200 1749 1298 superbissimus,
1766 1215 1804 1276 et
1823 1207 1866 1276 in
1882 1205 2002 1280 Deum
2020 1209 2115 1282 c'oeli

757 1299 1017 1396 blasphemus,
1036 1311 1236 1394 postquam
1257 1297 1302 1370 de
1328 1310 1426 1378 terra
1448 1296 1548 1372 Juda
1570 1293 1749 1371 confusus
1776 1297 1947 1396 aufugit,
1976 1326 2000 1372 a
2019 1301 2115 1376 filiis.

756 1395 832 1468 suis
863 1391 1083 1468 interfectus
1105 1391 1190 1466 fuit
1362 1397 1366 1406 '
2064 1431 2068 1440 ·

561 1510 588 1575 4.
605 1511 669 1578 aeg.
688 1509 739 1560 uu.
804 1490 971 1563 sedecias
993 1513 1064 1560 rex
1082 1488 1180 1562 Juda
1195 1486 1315 1561 malus
1338 1487 1437 1584 apud
1452 1489 1575 1560 Deum
1593 1499 1630 1558 et
1651 1485 1843 1577 homines,
1863 1492 2115 1583 comprehen-

757 1609 820 1657 sus
852 1596 907 1656 est
928 1583 1086 1678 fugiens.
1110 1585 1207 1655 Ante
1231 1585 1340 1679 cujus
1363 1583 1490 1656 oculos
1511 1607 1582 1655 rex
1597 1581 1800 1680 Babylonis
1817 1584 1983 1676 proprios
2005 1585 2111 1659 filios

755 1679 845 1752 feeit
865 1676 1004 1771 occidi,
1018 1676 1161 1750 'deinde
1191 1677 1412 1752 exoculatus
1437 1675 1534 1771 fuit,
1561 1689 1598 1750 et
1624 1675 1755 1750 ductus
1780 1677 1823 1748 in
1848 1675 2113 1774 Babylonem,

757 1786 793 1845 et
814 1772 953 1847 ibidem
975 1771 1236 1846 miserabiliter
1262 1785 1446 1845 mortuus.
1776 1823 1783 1831 -

560 1877 664 1940 ruditu.
684 1877 723 1943 ¹t·
806 1868 943 1940 Multas
964 1880 1080 1941 terras
1097 1867 1213 1963 cepit,
1227 1878 1264 1938 et
1283 1865 1474 1940 destruxit
1492 1865 1730 1958 HoloferneS,
1751 1863 1905 1938 tandem
1919 1863 2123 1949 dormiens.

728 2017 743 2030 ,
756 1963 986 2055 inebriatus,
1007 1988 1074 2058 per
1091 1985 1249 2036 manum
1268 1962 1436 2036 mulieris
1464 1961 1694 2059 decapitatus
1721 1959 1806 2034 fuit.

560 2075 655 2128 Esther
676 2093 700 2143 7.
806 2058 1099 2154 superbissimus
1122 2059 1268 2148 Amen,
1289 2057 1355 2154 qui
1378 2057 1537 2132 faciebat
1560 2081 1598 2130 se
1627 2057 1673 2128 ab
1694 2055 1914 2128 hominibus
1944 2056 2113 2153 adorari,

759 2178 962 2248 suspensus
988 2155 1111 2226 estin
1138 2152 1332 2247 patibulo,
1359 2154 1463 2249 quod
1491 2154 1572 2252 ipse
1590 2161 1793 2247 vparaverat
1819 2150 2063 2226 Mardochoeo.

560 2274 629 2326 nan.
640 2271 666 2340 4.
677 2279 704 2324 a
712 2271 739 2326 5.
805 2247 1001 2330 Balthasar
1019 2275 1090 2322 rex
1108 2247 1313 2344 Babylonis
1328 2273 1407 2321 non
1433 2261 1490 2320 est
1511 2259 1698 2320 correctus
1720 2271 1788 2341 per
1806 2246 2020 2341 exemplum
2038 2248 2113 2321 Na-

757 2342 1047 2417 buchodonosor
1064 2344 1182 2440 patris
1209 2344 1292 2434 sui,
1314 2345 1381 2439 qui
1403 2357 1490 2416 ante
1516 2368 1604 2416 eum
1625 2339 1750 2422 fuerat
1772 2351 1941 2413 mutatus
1961 2341 2001 2414 in
2027 2343 2115 2416 bes-

757 2443 860 2512 tiam.
882 2440 931 2510 Et
951 2439 993 2512 in
1015 2438 1192 2514 convivio
1213 2437 1311 2522 vidit
1324 2438 1395 2512 scri
1422 2450 1547 2511 turam
1563 2439 1604 2510 in
1620 2437 1786 2532 pariete:
1814 2439 1938 2526 Mane,
1957 2435 2114 2532 Theoel,

757 2533 908 2606 Pharas.
927 2533 1141 2627 Eademque
1163 2546 1272 2605 nocte
1290 2464 1511 2606 interdictus
1533 2529 1611 2625 e‘st,
1635 2544 1673 2604 et
1691 2537 1854 2628 regnum
1870 2533 1951 2627 ejus
1973 2530 2020 2604 ad
2033 2535 2114 2606 Me·
2166 2549 2171 2573 '

759 2627 824 2692 dos
848 2638 885 2694 et
902 2627 1034 2696 Persas
1060 2625 1294 2698 translatum.
1602 2637 1609 2647 '

562 2729 631 2780 nan·
658 2726 685 2776 6·
807 2718 1049 2790 Accusatores
1063 2717 1249 2810 Danielis,
1271 2723 1427 2816 jubente
1448 2723 1562 2796 Dario
1581 2747 1665 2818 rege
1679 2723 1875 2795 Persarum
1895 2721 2115 2795 missisunt
2237 2777 2238 2786 κ

757 2810 798 2882 in
820 2809 942 2884 laeiun
962 2811 1135 2905 leonum,
1152 2824 1189 2884 et
1205 2839 1228 2883 a
1247 2815 1421 2888 leonibus
1438 2819 1617 2893 devorati.
1637 2817 1763 2894 Simile
1784 2813 1914 2886 accidit
1942 2813 2028 2908 Cap.
2054 2821 2110 2908 ιη’..

563 2941 585 2976 ι.
603 2922 690 2975 uach.
701 2939 721 2973 1·
804 2907 1008 3001 Postquam
1031 2905 1244 2979 Alexander
1260 2907 1398 2981 decidit
1414 2914 1455 2983 in
1477 2912 1639 3002 lectum,
1661 2910 1794 2983 dicitur
1817 2934 1825 2976 :
1847 2905 1949 3002 quod
1973 2931 2109 3004 cogno

756 3000 835 3091 vit,
853 3003 942 3095 quia
971 3012 1180 3074 moreretur
1206 3026 1214 3070 ε
1242 3005 1350 3098 quasi
1381 3021 1491 3088 antea
1518 3009 1649 3082 mortis
1676 3003 1885 3081 memoriam
1910 3026 1981 3076 seu
2004 3004 2112 3076 noti·

756 3097 847 3168 uam
876 3121 953 3167 non
976 3095 1140 3170 haberet.

561 3207 581 3261 t·
597 3199 719 3270 Mache·
803 3191 1008 3264 Percussus
1033 3191 1109 3265 fuit
1136 3189 1303 3286 Alcimus
1327 3196 1519 3292 proditor,
1548 3210 1585 3273 et
1614 3196 1817 3272 dissolutus
1844 3204 1902 3266 est
1925 3194 2117 3293 paralysi,

755 3311 824 3358 nee
851 3285 951 3358 ultra
972 3287 1095 3382 potuit
1121 3288 1249 3382 loqui,
1279 3301 1317 3360 et
1337 3293 1513 3366 mandare
1545 3294 1592 3366 de
1618 3294 1730 3366 <lonso
1755 3317 1850 3384 sua,
1876 3300 1914 3362 et
1938 3303 2117 3366 mortuus

755 3396 812 3454 est
834 3407 918 3454 cum
941 3393 1128 3455 tormento
1151 3407 1295 3477 magne.

560 3503 585 3538 2·
605 3487 692 3540 tisch-
710 3488 736 3554 t·
805 3476 1055 3549 Contristetus
1084 3502 1155 3550 rex
1173 3477 1382 3553 Antiochus
1406 3480 1451 3552 de
1481 3483 1576 3576 hoc,
1603 3483 1703 3580 quod
1715 3481 1951 3555 Andronicus
1964 3481 2117 3575 iniuste

755 3570 938 3644 occiderat
971 3571 1106 3646 Oniam
1138 3597 1329 3646 summum
1361 3577 1613 3671 sacerdotem,
1649 3579 1769 3652 occidi
1803 3579 1847 3650 in
1872 3575 2004 3648 eodem
2028 3575 2116 3650 loco

753 3666 865 3760 jussit
892 3666 1167 3759 Andronicum,
1192 3669 1233 3740 in
1258 3695 1334 3765 quo
1357 3673 1513 3745 nimiam
1538 3675 1768 3770 impietatem
1792 3673 2038 3746 commiserat.

495 3813 503 3822 .
558 3769 667 3820 Eodem·
802 3761 932 3830 Multis
954 3761 1152 3855 sacrilegiis
1169 3765 1427 3862 aLysirnacho
1440 3770 1644 3842 commissis
1660 3768 1876 3865 intemplo,
1894 3773 2117 3860 congregata

754 3863 809 3922 est
822 3848 1024 3926 multitudo
1037 3853 1216 3931 adversus
1229 3885 1331 3950 euin,
1341 3872 1377 3932 et
1390 3861 1512 3958 ipsum
1526 3867 1631 3937 seclis
1643 3864 1817 3937 serarium
1829 3861 2117 3936 intersecertmt.

557 3971 578 4006 ι.
599 3955 687 4008 uach.
709 3954 734 4008 t.
802 3946 916 4017 Jason
934 3949 1095 4042 impius„
1122 3953 1188 4047 qui
1210 3953 1363 4028 fratrem
1385 3958 1578 4051 proprium
1605 3960 1880 4054 captivaverat,
1903 3967 1941 4028 et
1967 3954 2114 4028 multos

753 4039 798 4110 de
827 4042 947 4134 patria
977 4066 1044 4150 sua
1068 4047 1286 4143 expulerat,
1320 4076 1472 4147 peregre
1495 4055 1623 4148 periit,
1654 4066 1691 4126 et
1713 4053 1948 4150 insepultus,
1977 4063 2015 4124 et
2033 4047 2120 4122 iila·

752 4147 940 4208 meutatus
964 4137 1130 4232 abjectus
1155 4141 1238 4216 l'uit.

557 4255 581 4291 2·
600 4240 687 4292 uach.
706 4259 732 4310 9·
800 4229 1008 4340 Antiochus
1026 4287 1036 4324 ,
1055 4236 1121 4329 qui
1138 4239 1345 4312 multorum
1359 4251 1518 4316 torserat
1533 4245 1690 4338 viscera,
1704 4267 1838 4340 passus
1853 4239 1986 4316 duram
1997 4235 2115 4311 dolo-

750 4349 830 4398 rem
848 4349 1057 4421 v1soerum,
1078 4335 1241 4408 mirabili
1263 4336 1370 4409 obitu
1386 4337 1429 4408 in
1450 4339 1644 4424 montibus
1661 4339 1743 4418 vitat
1765 4335 2054 4418 defunctus-est.
