4498 5462
437 353 702 482 rnuins
744 397 936 486 xcrtn.
968 395 1265 484 monimum.
1392 355 1405 378 ’
1448 415 1566 511 179·

224 610 404 697 Ananias,
423 633 543 681 uxore
565 610 635 682 sud
661 610 815 704 Saphird
843 602 1011 700 conscia,
1034 609 1205 684 fraudem
1234 609 1322 685 fecit
1343 609 1388 682 de
1409 609 1528 706 pretio
1546 621 1635 674 Actor.
1655 621 1679 673 a

170 702 252 795 agri
284 702 451 798 venditi,
473 704 536 776 sed
564 705 672 776 ambo
698 707 913 799 gravissime
948 717 1037 776 sunt
1071 707 1204 798 puniti.

549 893 881 978 maanus
916 871 1145 980 xcvnt

615 1159 618 1166 ι
715 1053 1000 1140 Mendacium.

176 1187 374 1318 Primum
408 1237 642 1311 mendacium
664 1242 738 1313 suit
768 1268 790 1313 a
816 1255 984 1336 serpente
1014 1244 1222 1336 prolatum,
1246 1243 1398 1340 quando
1432 1241 1531 1314 dixit
1550 1251 1617 1304 Gen·
1639 1250 1664 1302 t

178 1338 329 1408 mulieri
352 1333 623 1428 :Nequaquam
648 1337 870 1410 moriemini.

227 1433 314 1503 Sara
339 1430 470 1500 timore
493 1433 707 1522 perterrita,
737 1430 783 1501 de
802 1435 883 1504 risu
912 1458 949 1504 sc
975 1432 1202 1504 mendaciter
1227 1433 1432 1506 excusavit.
1551 1429 1617 1478 ⁶0²¹·
1634 1424 1675 1474 ’ἃ

226 1527 346 1596 Etiam
364 1521 604 1594 fornicatores
624 1527 860 1598 mendacium
878 1525 997 1600 dicere
1010 1527 1276 1620 dedignantur,
1293 1529 1389 1596 sicut
1401 1524 1533 1618 Judas3
1550 1525 1617 1576 een.
1639 1521 1682 1571 ³&

178 1620 244 1716 qui
265 1618 387 1688 dixit:
409 1617 592 1688 Mendacii
622 1645 691 1692 nos
724 1645 877 1712 arguere
903 1647 980 1692 non
998 1623 1133 1714 poterit
1160 1620 1348 1717 (Thamar
1371 1619 1530 1710 scilicet,

177 1715 238 1786 cui
258 1711 414 1784 hoedum
436 1714 693 1808 promiserat).
1232 1733 1236 1742 ’

226 1807 460 1880 Mendacium
486 1808 750 1901 obstetricum,
773 1807 875 1904 quod
901 1801 1081 1883 dixerunt
1111 1808 1317 1896 Pharaoni,
1334 1806 1429 1879 filios
1453 1808 1532 1878 He·
1549 1806 1633 1858 M·
1659 1823 1679 1854 ¹·

177 1904 363 1990 braeorum
380 1901 548 1994 jugulare
565 1903 747 1994 nolentes,
759 1905 891 1976 babuit
913 1905 1248 1976 remunerationem
1274 1901 1530 1996 temporalem,

181 2010 218 2068 et
237 2021 313 2069 non
334 2007 530 2083 aeternam,
546 1994 632 2067 licet
647 1997 762 2069 suerit
774 1999 866 2069 illud
879 2001 1112 2074 mendacium
1126 1999 1233 2068 valde
1245 1997 1531 2090 compassivum.

229 2090 417 2162 Multoties
448 2086 594 2160 Pharao
623 2091 744 2164 voluit
766 2091 932 2186 decipere
955 2097 1113 2189 Moysen
1141 2117 1207 2185 per
1240 2090 1441 2161 mendacia.
1460 2088 1532 2158 Sed
1546 2091 1635 2148 3¹0⁶·
1658 2107 1685 2154 o·

181 2198 308 2258 tamen
331 2181 429 2254 nihil
455 2184 489 2253 ei
516 2183 666 2277 prosuit.
1585 2163 1614 2206 ‘²
1639 2171 1678 2206 ¹⁰⁸

231 2279 368 2349 Sedens
388 2288 424 2368 et
440 2275 544 2350 flens⁸
554 2277 651 2349 dixit
669 2279 830 2374 populus
845 2281 887 2349 in
903 2279 1048 2352 deserto
1066 2307 1074 2349 :
1093 2279 1343 2350 Recordemur
1358 2279 1535 2370 piscium,
1554 2284 1634 2335 Num·
1652 2299 1688 2332 1¹·

182 2398 275 2469 quos
306 2369 587 2453 comedebamus
607 2375 648 2444 in
674 2376 834 2468 AEgypto
865 2377 988 2467 gratis.

231 2467 368 2540 Callida
397 2466 598 2558 cogitantes
622 2469 839 2538 Gabaonitae
864 2467 1068 2541 voluerunt
1090 2468 1204 2540 Josue
1226 2465 1452 2536 mendaciter
1474 2463 1538 2535 de-
1555 2475 1631 2524 Joaue
1655 2488 1684 2537 9.

181 2565 312 2659 cipere.
336 2561 405 2634 Sed
428 2560 489 2632 ille
512 2561 610 2634 bono
631 2585 724 2634 usus
744 2569 799 2630 est
816 2561 985 2648 consilio,
1006 2589 1067 2630 eos
1085 2563 1126 2629 in
1145 2563 1365 2630 servitutem
1379 2557 1537 2652 redegit,

141 2695 147 2704 ·
179 2681 252 2730 nec
273 2660 411 2732 initum
434 2657 559 2728 foedus
585 2685 630 2730 ru
658 2660 699 2728 it.

230 2752 431 2848 Nunquam
444 2752 530 2823 licet
540 2685 774 2822 mendacium
793 2749 931 2841 dicere,
945 2746 1008 2820 sed
1030 2746 1328 2822 veritatem-licet
1339 2758 1375 2817 et
1386 2745 1538 2840 expedit
1557 2765 1579 2798 ¹·
1595 2748 1657 2814 ΗΘΒ·
1670 2744 1714 2794 ¹⁶·
1762 2793 1767 2812 .

181 2849 405 2944 quandoque
425 2861 563 2935 tacere,
583 2847 680 2918 sicut
701 2843 789 2918 fecit
818 2845 988 2931 Samuel,
1014 2845 1164 2916 dicens:
1185 2842 1241 2913 Ad
1268 2840 1539 2913 immolandum

181 2945 342 3016 Domino
372 2946 472 3018 veni.
501 2938 558 3012 Ad
590 2941 692 3013 aliud
722 2941 823 3014 enim
850 2941 970 3013 facere
1007 2939 1261 3035 principaliter
1289 2947 1467 3027 venerat,
1501 2945 1539 3005 et
1670 2934 1675 2942 '

180 3038 428 3108 nihilominus
450 3037 521 3106 hoc
543 3035 662 3108 facere
687 3038 925 3130 proponebat.
1549 3037 1553 3059 '

235 3129 343 3196 Dixit
368 3128 476 3214 Saul,
499 3151 624 3198 servos
663 3155 749 3198 suos
781 3129 997 3220 conjurasse
1027 3131 1228 3201 adversum
1262 3153 1322 3216 se,
1346 3127 1435 3219 quia
1461 3151 1539 3198 non
1559 3149 1581 3182 ¹-
1603 3133 1666 3198 aeg.
1688 3144 1732 3180 ²²·

191 3221 383 3315 capiebant
393 3218 525 3290 David.
546 3219 593 3288 Et
605 3218 704 3290 dixit
717 3220 863 3310 David,
878 3245 1030 3290 servum
1047 3246 1158 3289 suum
1172 3219 1341 3290 insidiari
1359 3220 1447 3289 sibi:
1462 3220 1539 3311 ipse

188 3339 280 3391 vero
300 3309 548 3386 insidiabatur
572 3313 616 3380 ei.

238 3412 369 3482 Occiso
389 3405 503 3476 unico
535 3403 579 3473 de
603 3403 689 3474 filiis
710 3403 851 3493 David,
876 3403 976 3475 fama
995 3405 1167 3496 pervenit
1188 3403 1234 3472 ad
1255 3405 1376 3497 ipsum
1400 3402 1540 3492 David,
1557 3427 1582 3462 a·
1600 3413 1716 3479 Iterat.

189 3504 334 3576 dicens:
348 3500 534 3572 Percussit
554 3497 715 3568 Absalon
735 3521 864 3567 omnes
881 3497 977 3568 filios
995 3500 1100 3590 regis.
1124 3498 1183 3568 Sic
1202 3497 1345 3566 faciunt
1369 3495 1540 3566 hommes

191 3624 287 3693 saepe
312 3593 528 3668 nunciando
555 3617 734 3665 rumores.
864 3601 867 3608 “

240 3692 409 3764 Officiose
441 3691 620 3760 mentitus
657 3702 712 3760 est
744 3684 885 3758 Cbusai
916 3683 1078 3755 Absalon
1113 3682 1239 3753 dicens
1263 3704 1271 3748 :
1296 3681 1398 3751 Sicut
1434 3684 1542 3776 parui
1561 3706 1585 3743 α.
1611 3694 1673 3758 neg.
1692 3693 1735 3743 aa.

192 3789 289 3882 patri
319 3801 407 3875 tac,
427 3785 564 3877 parebo
595 3794 632 3852 et
657 3783 736 3855 tibi.

241 3883 310 3955 Vir
345 3880 415 3952 Dei
453 3877 629 3972 praedixit
662 3877 857 3948 Jeroboam
891 3872 1181 3946 destructionem
1210 3871 1334 3944 altaris
1362 3871 1443 3958 sui,
1474 3872 1542 3964 qui
1559 3871 1583 3921 ³·
1609 3871 1671 3935 neg.
1691 3866 1734 3917 ¹³·

192 3977 375 4140 pensalsi
414 3971 605 4068 prophetae
639 3971 877 4044 mendacium
919 3968 1092 4042 seductus
1128 3967 1224 4059 fuit,
1255 3981 1292 4038 et
1323 3965 1541 4039 mandatum

229 4073 344 4144 omini
368 4067 584 4164 praeterivit.
981 4090 992 4104 ·
1383 4141 1386 4157 Ι

223 4167 328 4334 {³¹¹9
356 4164 573 4274 lalsintestes
594 4161 767 4259 producti
789 4171 918 4238 contra
942 4159 1108 4258 Naboth,
1134 4159 1292 4232 fuerunt
1312 4183 1422 4244 caraea
1450 4156 1543 4258 dila-
1558 4157 1582 4210 ³·
1597 4157 1660 4224 Ret-
1681 4170 1717 4206 ²¹·

195 4284 235 4355 pl
261 4275 394 4336 anonis
420 4281 511 4350 ejus.

1132 4350 1309 4444 Za⁸
