4464 5464
1311 211 1348 248 h

109 463 375 560 ,nrrULUS
405 459 599 552 CXXIX
633 459 865 558 Permissio
893 483 1043 551 contra
1071 464 1361 554 voluntatem.
1385 467 1468 572 ulf

157 691 332 766 Peccavit
338 717 439 766 uxor
448 691 536 783 Job,
545 689 820 788 patientissimo
835 692 921 767 viro
931 690 1142 789 petulanter
1153 691 1470 785 insultans3nam,
1485 710 1549 766 tot.
1558 721 1584 764 s.
1597 725 1624 780 9.

110 801 295 882 quantum
306 787 348 860 in
359 813 398 862 se
409 798 602 880 erat,eum
613 788 900 882 provocavit,m
913 788 1235 884 inimpatientiam
1244 797 1470 883 erumperet,

108 893 148 954 et
168 883 249 956 Deo
271 881 524 972 malediceret,
536 879 637 976 quod
658 880 700 952 in
723 883 884 956 miseriis
909 885 987 959 suis
1007 883 1055 955 ab
1074 910 1119 957 eo
1138 881 1337 958 derelictus
1361 894 1469 956 esset.
1696 911 1720 964 a

156 976 299 1051 Eodem
335 976 447 1050 modo
490 975 659 1070 peccavit
697 1001 799 1050 uxor
841 978 989 1070 Tobiae,
1016 979 1102 1053 viro
1145 980 1349 1077 objiciens,
1368 973 1601 1074 quadrans.

107 1085 261 1169 propter
284 1073 542 1165 eleemosynas
569 1093 656 1141 suas
682 1080 720 1142 et
740 1071 813 1144 alia
845 1075 909 1167 pia
937 1097 1049 1169 opem
1074 1073 1123 1146 ad
1147 1085 1404 1173 paupertatem
1433 1083 1471 1148 et
1585 1100 1588 1108 “

108 1168 300 1262 angustias
326 1189 479 1259 magnas
511 1163 645 1238 domds
670 1178 794 1238 essent
818 1167 969 1241 redacti.

158 1258 339 1335 Hemdias
353 1283 418 1330 rea
433 1270 489 1331 est
498 1260 601 1332 necis
614 1260 770 1334 somnis
786 1264 985 1359 Baptistae3
1002 1289 1092 1340 nam
1114 1265 1218 1340 illius
1233 1263 1389 1338 consilio
1405 1263 1473 1337 sal·
1489 1281 1573 1336 mse·
1592 1277 1621 1332 t.
1713 1321 1720 1340 .

112 1355 235 1432 latrix
251 1351 329 1430 filia
342 1353 641 1430 innocentissimi
660 1357 736 1431 viri
755 1371 868 1456 caput
885 1361 1008 1457 petiit,
1029 1374 1067 1432 et
1087 1361 1230 1438 nefarie
1245 1360 1471 1459 impetravit.

427 1487 812 1627 ¹'uniamus
875 1542 1113 1630 oxma

428 1731 660 1817 Permissio
707 1755 852 1818 contra
895 1735 1157 1822 voluntatem.

108 1859 243 1993 Jacob
256 1917 426 2016 permisit
440 1919 575 1994 adduci
590 1922 784 2016 Beniamin
802 1927 922 1997 filium
936 1953 1048 2001 suum
1064 1925 1192 2000 tenere
1203 1920 1381 1996 dilectum
1395 1943 1475 1994 non
1492 1929 1561 1985 oen.
1583 1919 1626 1992 t&

110 2012 293 2106 libenter,
307 2027 458 2109 propter
474 2019 728 2090 necessitatem
745 2018 987 2108 victualium,
998 2021 1044 2091 ad
1061 2018 1278 2092 instantiam
1296 2017 1474 2087 filiorum.

161 2114 314 2207 Moyses
347 2111 517 2204 permisit
550 2112 633 2186 dari
666 2111 832 2187 libellum
861 2113 1008 2208 repudii
1028 2114 1165 2188 odiosis
1191 2109 1378 2184 uxoribus
1405 2107 1427 2180 J
1430 2133 1475 2182 u·
1491 2114 1574 2164 Μ·
1592 2105 1636 2173 ²⁴·
1766 2121 1774 2130 ‘

110 2205 281 2279 daeorum
296 2257 307 2292 ‚
323 2205 413 2299 quia
442 2207 595 2279 timebat
620 2208 661 2277 in
688 2209 741 2278 eis
767 2209 1032 2280 uxoricidium.
1374 2263 1379 2274 .
1404 2249 1410 2256 ‚

163 2299 407 2374 Considerate
428 2301 551 2376 David
571 2301 709 2398 populo
730 2304 1024 2388 suo‚oonstituit
1051 2326 1164 2397 super
1184 2325 1270 2374 eum
1286 2297 1476 2373 Tribunos
1494 2331 1520 2369 s.
1538 2313 1602 2380 aaz.
1616 2307 1656 2362 tt·
1714 2371 1718 2382 ,

111 2405 151 2468 et
176 2395 447 2489 Centuriones,
465 2397 640 2493 dixitque
657 2423 737 2469 rex
762 2396 807 2468 ad
841 2396 1233 2492 populuszgrediar
1257 2406 1294 2468 et
1320 2417 1387 2490 ego
1412 2418 1479 2468 vo·

110 2491 274 2564 biscum.
309 2493 357 2562 Et
385 2492 578 2589 respondit
606 2489 884 2589 populus:Non
918 2492 1064 2586 exibis,
1080 2497 1170 2589 quia
1197 2505 1243 2564 tu
1278 2514 1381 2564 unus
1409 2511 1479 2583 pro

108 2585 242 2658 decem
265 2585 430 2662 millibus
446 2590 683 2684 computaris.
719 2589 852 2660 Melius
864 2603 919 2662 est
941 2602 1100 2682 ergo,ut
1123 2590 1173 2660 sis
1196 2586 1304 2660 nobis
1320 2585 1362 2656 in
1384 2583 1479 2656 urbe

107 2679 302 2780 pmsidro.
336 2683 393 2754 Ad
420 2711 516 2781 quos
540 2710 612 2758 rex
633 2684 706 2756 ait:
720 2683 828 2774 Quod
853 2685 961 2758 vobis
994 2683 1165 2774 videtur,
1184 2681 1256 2755 hoo
1283 2676 1436 2753 faciam:

160 2777 349 2872 Cognovit
371 2779 523 2872 Simon,
538 2781 640 2877 quod
663 2779 848 2878 Tryphon
871 2805 957 2852 cum
978 2777 1065 2852 dolo
1090 2779 1329 2874 loqueretur,
1351 2785 1481 2870 petens
1500 2795 1521 2834 ι·
1534 2773 1623 2832 meta
1638 2773 1678 2828 ²3-

109 2871 211 2945 duos
249 2871 345 2945 filios
380 2872 576 2967 Jonathae,
598 2887 635 2947 et
677 2887 828 2948 eentum
868 2874 1008 2964 talenta
1047 2875 1212 2970 argenti,
1246 2870 1361 2981 jussit
1399 2866 1483 2940 dari

111 2977 244 3040 tamen
270 2983 466 3062 argentum
491 2984 529 3044 et
556 2973 720 3068 Pueros,
739 2996 788 3044 ne
817 2969 914 3046 forte
941 2968 1144 3048 adversum
1170 2994 1209 3044 se
1242 2963 1485 3042 rmmlcitiam

113 3059 251 3155 populi
278 3065 490 3134 eoncitaret.
1275 3113 1279 3124 ·
1366 3115 1369 3120 ·

513 3209 851 3296 urrunnu
894 3213 1092 3298 cxxx.
1202 3301 1205 3306 ,

290 3339 601 3423 Perseverentm
638 3358 682 3423 et
714 3337 946 3422 constantia
984 3343 1030 3422 in
1063 3337 1306 3450 propositis.
1407 3423 1409 3428 ,
1526 3429 1531 3436 ,

117 3470 239 3605 Non
266 3541 326 3602 est
362 3554 422 3601 res
448 3524 637 3600 iciendum
666 3535 767 3600 retro
801 3537 883 3621 post
909 3545 1113 3620 egressum,
1130 3522 1177 3595 de
1205 3522 1379 3594 societate
1403 3536 1487 3589 ma·
1502 3539 1572 3596 oen.
1588 3557 1628 3613 ¹9·
1676 3541 1679 3548 ¹

117 3627 271 3716 lurum,
290 3625 387 3697 siout
402 3553 502 3696 'licit
532 3647 631 3696 uxor
662 3619 786 3712 Lotlt,
829 3643 886 3694 uae
913 3645 1022 3696 versa
1052 3630 1108 3692 est
1138 3617 1182 3689 in
1211 3627 1386 3688 statuam.

173 3717 337 3814 Singulis
359 3717 492 3793 diebus
519 3717 676 3792 molesta
703 3727 782 3788 erat
801 3647 947 3813 ioseph
971 3715 1131 3788 Domina
1158 3713 1251 3810 ejus.
1288 3707 1338 3796 Et
1359 3716 1485 3778 tamen
1501 3729 1570 3784 oen.
1585 3727 1629 3796 39.

121 3815 190 3892 ille
220 3827 502 3910 perseveranter
535 3815 728 3887 resistebat
755 3813 861 3921 operi
886 3807 1040 3884 nefario.
1444 3897 1453 3915 ι
1675 3851 1680 3862 ·

175 3909 380 4006 Nunquam
446 3911 544 3984 otuit
585 3915 735 4007 Moyses
775 3907 916 4002 nasci,
942 3919 1009 3981 aut
1049 3905 1179 3998 vinci,
1201 3899 1303 4000 quod
1342 3898 1405 3976 vel
1441 3922 1484 3971 m
1501 3915 1587 3972 mod.
1604 3913 1630 3968 t.
1650 3935 1679 3989 9.

121 4007 290 4103 ''AEgypto
314 3937 575 4080 immolaturus
602 4006 763 4078 Domino
788 4015 1019 4098 remaneret,
1040 4001 1103 4079 vel
1129 3998 1307 4100 parvulos
1337 4006 1403 4069 aut
1426 3993 1485 4091 ju·
1530 3993 1564 4074 Ξι
1581 4001 1622 4038 ¹⁰·

125 4115 257 4180 menta
283 4101 410 4196 populi
435 4099 640 4176 dimitteret
671 4097 869 4173 Pharaoni.
974 4109 980 4114 “
1372 4186 1380 4201 ,
1513 4149 1527 4180 s

178 4197 281 4269 Dure
304 4193 550 4290 reprehensus
573 4193 694 4270 David
718 4221 741 4266 a
760 4193 874 4268 fratre
891 4219 961 4268 suo
980 4195 1142 4284 ma'ore,
1161 4201 1199 4264 et
1215 4191 1329 4264 etiam
1343 4185 1484 4259 d1ssua-
1503 4214 1527 4251 ι.
1547 4198 1611 4268 neg.
1627 4211 1668 4265 ις.

126 4317 198 4368 sus
223 4317 246 4364 a
281 4290 412 4376 Saule,
435 4315 512 4364 non
542 4289 686 4368 destitit
718 4289 765 4364 ab
797 4289 1006 4392 incepto,s
1081 4281 1242 4378 viriliter
1276 4283 1487 4384 pugnavit,

128 4397 171 4476 et
195 4387 289 4486 ‚vicit
314 4379 478 4494 goliath,
1079 4475 1116 4554 Η
1139 4475 1170 4552 h
