4464 5464
262 421 526 522 TITULUS
562 429 753 529 CXLIV.
783 433 1019 520 Prudentia
1050 454 1094 517 er
1131 434 1343 520 diseretio.
1429 439 1510 552 269
1569 561 1578 570 ἱ

192 649 316 728 David
338 652 438 728 inter
465 677 596 726 omnes
623 654 917 748 persecutiones,
944 677 1038 751 quas
1060 677 1193 749 passus
1212 663 1268 724 est
1291 677 1313 723 a
1339 652 1447 726 Saule
1475 665 1512 725 et
1528 675 1592 731 Luc.
1615 695 1636 731 ι.
1657 687 1686 734 u
1796 709 1803 724 .

142 776 165 920 i
186 748 336 846 proprio
364 747 442 821 filio
469 773 538 823 suo
553 747 759 846 Absalone',
787 751 881 824 mire
905 774 1088 848 sempera
1109 747 1250 824 Divina
1270 747 1512 824 Providentia
1527 775 1553 811 2·
1575 763 1638 830 neg.

164 848 219 920 uit
272 855 447 922 retectus.
786 853 790 862 '

190 871 291 1014 Ellis
306 941 349 1014 in
371 965 506 1041 magna
527 935 592 1012 illa
613 937 734 1034 fame,
756 935 842 1018 curn
863 943 1001 1020 coelom
1027 943 1150 1024 tribus
1175 943 1284 1016 annis
1306 955 1343 1016 et
1372 943 1512 1016 mensi·
1529 946 1555 1000 ³·
1572 937 1627 1018 neg
1650 967 1689 1019 ¹7·

139 1037 214 1112 bus
237 1063 306 1114 sex
327 1049 424 1112 esset
443 1035 639 1128 clausum,
663 1048 708 1112 ut
729 1063 777 1110 ne
805 1051 911 1134 gutta
927 1040 1077 1136 quidem
1098 1040 1238 1135 pluviae
1259 1037 1462 1130 decideret,
1489 1064 1511 1110 a

144 1134 269 1210 corvis
299 1137 412 1220 iussu
431 1129 502 1206 Dei
529 1127 604 1206 suit
629 1145 783 1230 pastus,
810 1136 879 1232 qui
897 1135 1064 1232 quotidie
1086 1136 1146 1208 bis
1167 1136 1202 1210 ei
1220 1161 1354 1232 panem
1372 1145 1409 1206 et
1429 1158 1511 1206 car·
1545 1215 1550 1222 ,

142 1253 213 1302 nes
248 1223 475 1299 deferebant.
1026 1238 1031 1246 '

193 1320 350 1412 Eidem,
383 1344 469 1396 cum
501 1321 646 1420 fugeret
672 1320 839 1398 furorem
869 1323 1084 1400 insidiantis
1111 1326 1184 1398 sibi
1207 1325 1378 1418 lezabel,
1411 1338 1447 1399 et
1469 1326 1511 1398 in
1528 1337 1554 1391 t.
1577 1339 1642 1407 neg.
1665 1355 1707 1409 ¹9·
1787 1317 1796 1334 '

144 1415 292 1489 ‹leserto
328 1413 385 1487 nil
413 1415 591 1511 haberet,
627 1417 730 1516 quod
758 1419 1028 1515 manducaret,
1062 1434 1099 1495 et
1135 1421 1310 1518 biberet,
1345 1423 1511 1518 Angelus

144 1511 296 1584 Domini
321 1511 449 1584 attulit
466 1539 600 1608 punem
629 1527 667 1588 et
686 1541 833 1612 aquam.
1187 1567 1190 1576 ·

193 1605 349 1678 Elisaeus
378 1620 530 1682 centum
552 1608 726 1683 homines
753 1613 890 1707 viginti
931 1612 1067 1696 unibus
1092 1611 1307 1686 ironieaceis
1332 1613 1455 1711 pavit,
1473 1626 1510 1688 et
1526 1629 1553 1696 l·
1578 1629 1643 1697 neg.
1661 1627 1689 1695 t·

143 1699 305 1772 inultum
334 1723 378 1772 su
427 1700 549 1795 rfuit,
578 1705 864 1801 obstupescente
928 1709 1000 1781 iezi
1020 1711 1102 1803 ejus
1132 1708 1286 1781 samolo.
1577 1697 1622 1762 4²·

191 1791 345 1866 Addidit
422 1798 548 1871 minus
571 1800 719 1894 omnio,
742 1825 980 1900 quaecunque
1002 1800 1258 1894 fuerantJob,
1274 1801 1456 1898 duplicia,
1473 1811 1510 1874 et
1525 1819 1586 1870 sos.
1611 1819 1656 1884 42.
1738 1865 1741 1872 .

142 1886 338 1961 benedixit
359 1891 577 1966 novissimis
598 1897 680 1990 ejus
708 1897 846 1990 magis,
874 1922 989 1992 quam
1019 1897 1204 1993 principio
1227 1899 1320 1993 ejus.

192 1985 288 2057 Tota
303 1983 430 2056 Tobiae
447 1983 607 2060 historin
630 2000 687 2060 est
706 2003 972 2084 argumentum
994 1992 1099 2064 mirae
1120 1991 1190 2062 Dei
1216 1989 1474 2084 providentiae.
1526 2015 1596 2067 uos.

191 2075 364 2176 Danieli,
383 2081 431 2152 ob
454 2080 644 2157 destructa
671 2084 969 2254 Βῗὲγίοηίοτυιη
998 2085 1115 2177 idola‘,
1135 2085 1177 2156 in
1205 2085 1330 2156 lacum
1354 2085 1508 2159 leonum
1530 2094 1606 2160 nani
1619 2105 1659 2175 14,

143 2176 335 2272 conjecto,
358 2175 475 2252 mittit
491 2179 594 2254 Deus
612 2180 708 2254 exi
762 2204 817 2254 eea
838 2179 1062 2278 prandium,
1084 2205 1151 2278 per
1177 2179 1404 2277 Prophetem
1434 2183 1511 2254 lla-

143 2273 263 2346 bacuc
289 2270 381 2346 illuc
407 2274 454 2347 ab
476 2273 607 2372 angelo
624 2275 872 2372 deportatum.

193 2365 380 2463 Singulari
397 2370 466 2444 Dei
479 2369 722 2468 dispositione
737 2369 875 2445 Esther
889 2369 934 2444 fit
944 2371 1090 2468 regina,
1104 2383 1149 2445 ut
1160 2367 1509 2470 populuandaicus
1528 2395 1604 2449 mu.

141 2462 367 2538 liberaretur
387 2467 435 2540 ab
453 2469 572 2544 exitio
599 2469 673 2542 sibi
694 2479 835 2566 parato:
1129 2554 1131 2558 ¹

193 2557 367 2634 Christus
380 2563 566 2638 Dominus
588 2566 629 2639 in
648 2565 794 2639 deserto
810 2562 913 2638 5000.
935 2559 1136 2636 bominum
1156 2561 1326 2660 quinque
1348 2561 1510 2658 panibus
1529 2581 1606 2634 tosa.
1625 2585 1653 2636 c.

141 2667 180 2728 et
204 2653 352 2728 duobus
374 2659 539 2760 piscibus
565 2663 694 2760 pascit.

192 2751 287 2918 litem
313 2751 386 2864 alia
407 2757 489 2832 vice
509 2759 614 2850 dono.
628 2755 830 2832 homiuum
854 2767 997 2854 septem
1014 2754 1181 2852 panibus.
1204 2765 1240 2828 et
1256 2754 1510 2853 paucispisci-
1530 2769 1613 2822 Marc·
1636 2771 1662 2823 8·

141 2873 188 2920 cu
206 2875 238 2920 is
286 2862 387 2924 ascri.
1184 2861 1186 2864 ’
1700 2921 1703 2926 .

190 2873 284 3016 lteri
306 2942 510 3046 discipulos
533 2975 621 3023 suos
636 2950 842 3044 interrogat
862 2971 871 3016 ε
889 2945 1043 3042 quando
1062 2947 1147 3016 misi
1167 2971 1236 3020 vos
1255 2945 1337 3014 sine
1363 2946 1511 3016 sacculo
1527 2962 1592 3028 nuc.
1606 2978 1649 3016 αι.
1666 2951 1713 3019 352

140 3051 180 3196 εις
202 3054 371 3197 pera,tct
394 3045 674 3200 cpllcpamentis,
707 3039 886 3140 nunquid
908 3039 1053 3138 aliqud
1080 3039 1203 3114 defuit
1218 3035 1369 3113 vobis?
1396 3037 1515 3112 atilli

144 3150 307 3198 crxerun
350 3153 426 3201 :m
454 3158 492 3202 1.

194 3222 288 3293 Item
307 3234 435 3296 monet
456 3223 788 3318 discipulossuos,
802 3247 852 3295 ne
879 3225 956 3296 sint
985 3221 1135 3297 solliciti
1160 3223 1207 3295 de
1230 3224 1312 3296 cibo
1334 3235 1371 3296 et
1394 3227 1510 3299 vesti·
1528 3257 1705 3314 numm

144 3316 301 3410 mentis,
333 3313 397 3389 sed
431 3343 470 3390 se
503 3319 740 3390 committant
766 3317 917 3418 Divinas
940 3313 1218 3410 Providentiae,
1251 3319 1361 3412 cujus
1390 3319 1514 3393 nrulta

146 3409 310 3506 adducit
324 3426 551 3510 argumenta

194 3508 367 3584 Salomon
388 3509 431 3582 in
445 3507 543 3582 libro
564 3507 761 3605 Sapientiae
781 3507 937 3602 longum
952 3507 1047 3594 texit
1068 3504 1339 3607 panegyricum
1361 3505 1510 3580 Divinae
1526 3523 1586 3590 Sap.
1614 3545 1650 3578 to·
1678 3539 1706 3587 et

145 3601 412 3701 providentiae,
434 3607 590 3706 ejusque
612 3601 733 3685 multa
759 3601 866 3676 affert
889 3601 1077 3698 exemplu.⁴
1575 3607 1611 3642 ¹¹·

481 3785 622 3876 TlT
646 3785 867 3873 ULUS
934 3783 1179 3872 CXLIV..

555 3915 859 4030 Prudentiae!
881 3915 1094 4000 ‘discretio

144 4044 364 4178 Abraham
376 4107 533 4180 veniens
548 4106 589 4180 in
602 4107 825 4204 AEgyptum,
851 4104 897 4176 de
913 4127 1034 4176 rixore
1051 4127 1119 4178 sua
1134 4101 1339 4198 prudenter
1350 4116 1386 4178 et
1398 4118 1505 4185 ceute
1524 4126 1592 4182 oen.
1612 4141 1654 4180 n.

145 4203 282 4276 celavit
310 4203 530 4294 veritatem,
558 4225 632 4292 ‘ricc
659 4214 786 4274 tamen
804 4200 962 4274 asseruit
978 4198 1202 4275 falsitatem:
1222 4201 1349 4278 dicens
1370 4203 1506 4278 :Soror

143 4309 323 4489 mblniiii
351 4392 445 4490 egit,
472 4390 623 4496 quando
647 4393 754 4473 uenit
777 4389 824 4465 nd
845 4361 1084 4468 Abilnelech..
1524 4417 1593 4473 een,
1611 4432 1655 4470 as.
