4452 5462
5 545 11 630 ·.
143 499 1364 668 Qec.
1428 505 1511 590 301¹

1289 645 1514 665 μ

147 725 327 834 Praecepit
349 727 466 838 igitur
485 727 618 838 Petro,
648 738 692 800 ut
711 729 894 825 piscatum
913 731 1003 826 iret,
1029 744 1066 806 et
1092 736 1134 812 in
1155 758 1219 807 ore
1268 733 1371 825 iscis,
1392 755 1506 828 quem

146 843 311 915 primum
342 834 738 919 cep1sset,1nventum
762 839 937 902 staterem
959 822 1170 924 publicanis
1190 854 1212 901 o
1240 840 1347 901 erret.

195 915 289 990 Item
312 919 461 1013 publice
488 916 618 1008 docet,
636 918 758 991 danda
779 949 857 997 esse
874 923 1032 1016 Caesari,
1059 951 1144 1022 quae
1165 935 1255 997 sunt
1274 923 1439 998 Caesaris.
1525 941 1676 999 statuas.

196 1013 358 1104 Paulus,
380 1040 433 1122 ne·
446 1013 628 1106 injuriam
645 1038 668 1084 a
696 1015 836 1090 Judaeis
864 1032 1074 1113 pateretur,
1100 1019 1147 1091 a'd
1166 1019 1348 1090 Caesarem
1377 1017 1502 1117 appel·
1527 1028 1599 1130 ὦ·
1648 1077 1664 1132 5

145 1107 521 1199 lat‚nondub1tans
545 1133 583 1180 se
605 1112 686 1206 ejus
709 1137 883 1206 supremo
910 1115 1091 1188 tribunali
1121 1115 1350 1187 submittere.
1522 1117 1532 1128 '
1589 1095 1675 1194 '',²'

189 1205 284 1274 Item
301 1203 388 1275 vult
410 1205 679 1278 obsecrationes
697 1205 780 1280 fieri
805 1209 852 1280 ab
877 1209 1051 1283 omnibus
1067 1235 1135 1304 pro
1150 1209 1299 1303 regibus
1322 1221 1359 1282 et
1381 1210 1504 1282 omni·
1523 1232 1663 1288 arima.
1677 1250 1704 1287 η.
1786 1265 1791 1271 ⁷

144 1292 244 1387 bus,
275 1301 341 1391 qui
368 1298 412 1370 in
441 1299 669 1374 sublimitate
693 1314 799 1396 sunt3
830 1303 902 1376 hoc
925 1306 1058 1399 enim,
1084 1306 1158 1398 ait,
1184 1304 1328 1377 bouum
1356 1315 1439 1386 est.
1466 1315 1504 1378 et
1546 1383 1556 1400 ,

147 1403 342 1486 acceptum
369 1416 493 1467 coram
520 1396 709 1471 salvatore
732 1410 862 1472 nostro
883 1401 971 1472 Deo.
1184 1395 1187 1402 ’
1428 1389 1435 1400 ’

197 1486 231 1557 S.
248 1488 381 1560 Petrus
403 1491 544 1584 pariter
560 1494 728 1589 praecipit
745 1519 752 1563 :
770 1495 936 1591 Subjecti
955 1505 1071 1571 estote
1085 1496 1193 1584 omni·
1210 1495 1387 1569 humanae
1401 1520 1504 1568 crea·
1523 1510 1614 1565 utet.
1625 1525 1650 1564 2.
1662 1509 1705 1564 αθ.

146 1590 250 1656 turae.
262 1595 413 1677 propter
422 1587 543 1694 Deum
557 1641 569 1677 ,
586 1590 665 1661 sive
684 1592 763 1685 regi
773 1593 882 1687 quasi
892 1592 1137 1686 praecellenti,
1150 1593 1229 1669 sive
1245 1591 1403 1666 ducibus
1418 1603 1505 1669 tane

146 1698 260 1768 quam
280 1677 327 1748 ab
345 1702 389 1749 eo
405 1682 530 1753 missis
541 1709 552 1774 3
580 1683 671 1776 quia
693 1686 746 1756 sic
768 1699 824 1759 est
854 1687 1030 1762 voluntas
1051 1688 1131 1758 Dei.

514 1855 851 1947 rrrunus
903 1810 1142 1946 cmv.
1203 1879 1207 1886 ·

422 1985 610 2096 Suspicio
654 2005 695 2069 et
712 1985 923 2096 judicium
957 1989 1234 2073 temerarium.

147 2117 366 2280 Cogitavit
375 2177 584 2270 Abraham,
599 2178 700 2276 quod
711 2176 868 2250 forsitan
886 2201 964 2248 non
976 2186 1054 2250 erat
1064 2177 1179 2250 timor
1191 2175 1261 2248 Dei
1279 2177 1322 2249 in
1339 2175 1508 2270 Geraris,
1524 2207 1592 2262 oen.
1611 2221 1656 2260 2..

142 2290 185 2352 et
199 2277 373 2353 homines
389 2277 491 2350 illius
514 2288 623 2349 terrae
643 2299 730 2348 eum
752 2271 962 2346 occiderent
983 2285 1134 2369 propter
1155 2296 1316 2345 uxorem
1338 2296 1455 2371 suam.

194 2376 322 2450 Simile
352 2374 486 2448 accidit
506 2374 631 2465 Isaac,
656 2371 748 2442 Gen.
769 2368 826 2442 26.
1555 2419 1558 2426 .

196 2473 412 2568 Suspicatus
440 2482 496 2543 est
520 2469 671 2559 Laban,
693 2463 794 2563 quod
813 2464 927 2536 Jacob
942 2463 1091 2538 furatus
1111 2476 1207 2537 esset
1223 2464 1320 2536 Deos
1336 2465 1441 2558 ejus,
1467 2469 1504 2534 et
1523 2491 1590 2543 cen.
1610 2487 1656 2540 ar.

142 2568 195 2642 ob
217 2569 317 2641 hanc
336 2591 484 2640 causam
503 2575 761 2664 perscrutatus
788 2575 844 2634 est
866 2573 983 2634 totam
1007 2559 1281 2656 supellectilem.

194 2664 337 2739 Videns
358 2663 473 2740 Jacob
494 2655 887 2753 vestirnenta.Joseph
915 2683 979 2730 san
1008 2660 1095 2731 uine
1120 2665 1336 2748 cruentata,
1355 2651 1504 2751 putavit
1523 2679 1590 2731 son.
1609 2674 1654 2744 37.

144 2784 234 2833 eum
257 2787 336 2835 esse
357 2774 573 2852 mortuum,
593 2771 630 2830 et
651 2783 673 2828 a
694 2757 773 2830 fera
794 2755 953 2849 pessima
975 2683 1209 2866 devoratum.

194 2857 374 2954 Praecepit
393 2855 532 2958 Joseph
554 2853 801 2952 dispensatori
821 2875 891 2924 suo
901 2907 913 2943 ,
935 2863 979 2924 ut
992 2848 1246 2924 introduceret
1261 2844 1398 2918 fratres
1416 2867 1506 2916 suos
1521 2867 1590 2922 can.
1608 2813 1652 2930 tt.
1682 2855 1684 2858 ’

144 2951 299 3027 domum
321 2952 368 3025 ad
388 2950 657 3028 comedendum
687 2973 814 3024 secum
842 2972 849 3014 :
876 2959 914 3018 at
940 2947 997 3018 illi
1019 2943 1190 3018 exterriti
1201 2969 1216 3032 ‚·
1243 2938 1509 3032 crediderunt,

16 3045 18 3052 '
146 3047 248 3137 quod
269 3049 472 3116 venereos
503 3049 684 3137 subjicere
712 3043 896 3116 servituti.

196 3135 390 3208 Rubenitae
406 3150 443 3207 et
459 3137 624 3206 Gauditae
639 3147 769 3204 euntes
782 3133 829 3198 ad
839 3137 1087 3222 possessiones
1103 3157 1207 3219 suas,
1219 3125 1503 3202 aedificaverunt
1519 3153 1596 3202 sorae
1614 3161 1661 3203 m

147 3229 262 3304 altare
280 3242 385 3302 trans
408 3228 618 3301 Jordanem.
642 3225 728 3312 Quo
757 3221 908 3312 audito,
935 3221 1136 3292 filii'Isratil
1162 3223 1306 3292 turbati
1329 3219 1503 3311 fuerunt,

147 3329 377 3418 nescientes,
404 3348 520 3422 quare
541 3320 616 3393 hoc
632 3317 810 3393 fecissent
831 3313 908 3409 illi,
924 3327 960 3387 et
974 3325 1229 3412 putaverunt,
1249 3311 1350 3407 quod
1361 3315 1505 3392 vellent,

148 3449 187 3498 se
220 3425 266 3496 ab
284 3447 416 3495 eorum
445 3421 524 3514 lege
541 3417 691 3515 penitds
719 3433 901 3508 separare.

198 3521 293 3592 Cum
315 3520 447 3594 ivisset
470 3519 625 3590 Samson
643 3509 690 3582 ad
712 3507 866 3581 domum
885 3505 1102 3602 patrissui,
1122 3528 1225 3576 socer
1247 3502 1328 3596 ejus
1353 3499 1504 3593 putavit
1519 3497 1606 3551 Juffie
1626 3499 1671 3558 rs.

148 3613 249 3783 :lund
273 3613 359 3687 odio
385 3613 541 3686 haberet
561 3631 719 3684 uxorem
744 3625 873 3696 suum,
895 3612 932 3674 et
947 3599 1177 3696 repudidsset
1195 3621 1293 3688 eam,
1311 3593 1412 3670 unde.
1426 3606 1505 3666 tra-

173 3709 243 3782 idit
266 3737 344 3783 eam
362 3710 434 3781 'alii
454 3711 549 3784 viro
1293 3739 1306 3758 ·

196 3806 279 3877 Heli
303 3805 437 3879 videns
450 3805 598 3878 Annam
616 3801 714 3874 labia
730 3821 902 3890 movere,
918 3804 954 3866 et
969 3789 1119 3866 nullum
1140 3787 1300 3888 verbum
1319 3782 1506 3882 proferre,
1520 3799 1544 3834 ¹·
1562 3785 1632 3853 mg.
1643 3800 1667 3844 ¹.-

149 3903 348 3976 aestimavit
375 3927 457 3974 eam
475 3917 553 3974 esse
577 3897 830 3973 temulentam.
955 3973 957 3976 ,

197 3997 294 4085 Quia
317 3999 403 4071 Saul
434 3995 725 4093 persequebatur
742 3987 878 4078 David,
911 3983 1125 4081 imponebat
1144 3980 1215 4076 ipsi
1233 3976 1377 4068 David,
1399 3975 1504 4072 quod
1521 4003 1545 4036 ¹·
1562 3987 1625 4054 mg.
1640 3999 1688 4039 aa
1763 4039 1770 4046 .

148 4094 228 4188 ipse
240 4105 522 4190 persequeretur
532 4117 632 4164 eum.
656 4086 766 4161 Unde
786 4084 952 4173 dicebat,
975 4076 1075 4176 quod
1094 4075 1196 4152 filius
1215 4097 1305 4147 suus
1320 4071 1504 4182 ¹Jouathas

150 4188 365 4260 suscitasset
387 4213 538 4262 servum
555 4209 666 4258 suum
682 4181 922 4256 insidiantem
943 4178 997 4267 ei,
1022 4175 1108 4247 licet
1133 4183 1228 4244 esset
1247 4167 1504 4244 falsissimum.¹

199 4285 296 4355 Cum
329 4298 423 4357 esset
449 4280 572 4356 David
586 4303 688 4351 cum
711 4275 823 4349 Achis
854 4299 938 4369 rege
962 4268 1085 4358 Geth,
1101 4267 1209 4362 quasi
1225 4277 1348 4337 custos
1371 4263 1499 4436 capitis
1519 4296 1543 4332 t·
1560 4282 1623 4350 neg.
1640 4296 1686 4352 ις

151 4378 232 4468 sui,
259 4381 419 4476 Satrapae
445 4379 626 4454 dixerunt
649 4373 696 4446 ad
721 4371 857 4467 Achis,
883 4381 927 4446 ut
947 4363 1134 4446 recederet
1159 4359 1306 4458 Dauid,
1329 4385 1381 4439 ne
1421 4369 1506 4446 orto

149 4473 398 4580 transfugeret
419 4475 466 4551 ad
492 4471 651 4582 Saulem.
