4310 5472
172 395 433 489 TITULUS
457 392 605 482 LVIII.
633 395 850 482 Gaudium
876 396 1041 484 bonum
1068 413 1111 486 et
1137 397 1316 488 malum.
1353 409 1427 492 '105

11 613 16 688 Ῐ
80 621 312 692 Salomonem
330 643 352 689 a
367 613 511 690 Davide
524 616 770 690 constitutum
793 641 872 690 esse
889 642 1030 714 regem,
1046 629 1083 690 et
1101 645 1123 690 a
1137 619 1322 693 sacerdote
1339 641 1430 690 unc·
1537 679 1540 686 ,

73 726 168 788 tum.
192 713 287 786 Nam
312 738 441 785 omnes
467 711 637 786 convive
659 709 732 784 hoc
756 713 894 788 nuntio
919 716 1057 806 territi,
1092 712 1264 788 abierunt
1302 739 1424 786 unus-

12 845 14 852 *
73 813 238 906 quisque
260 811 301 884 in
316 813 418 886 viam
442 830 564 879 suam:
584 805 746 878 adonias
770 821 895 882 autem
914 810 1096 902 surrexit,
1119 823 1156 881 et
1175 811 1311 884 timens
1331 809 1428 881 Salo-

71 929 227 978 monem
250 905 297 977 ad
319 904 433 975 altare
459 914 640 996 tanquam
663 900 882 1000 adasylum
905 905 1082 1000 confugit.
1103 913 1109 920 '

77 1032 85 1045 ·
126 1001 248 1074 David
259 1000 412 1074 reduxit
424 1021 545 1068 arcam
561 996 711 1066 Domini
721 997 762 1067 in
778 995 980 1070 Jerusalem
996 1025 1082 1074 cum
1099 1026 1168 1072 suo
1186 1012 1222 1073 et
1233 1003 1348 1074 totius
1364 1025 1425 1094 po
1442 1021 1464 1058 ¹·
1480 1003 1565 1058 paral.
1584 1001 1621 1056 ¹⁵·

69 1095 157 1192 puli
173 1095 317 1188 ingenti
334 1091 478 1186 gaudio.
496 1093 577 1184 Ipse
597 1089 745 1164 saltavit
768 1115 889 1162 coram
910 1117 993 1163 arca
1005 1119 1013 1161 :
1025 1095 1190 1165 instituit
1205 1107 1337 1166 cantus
1356 1106 1423 1166 etc.
1488 1105 1514 1149 tt
1531 1099 1568 1148 ¹⁶·

125 1191 291 1259 Laetatus
318 1198 373 1259 est
395 1184 569 1280 populus,
592 1184 692 1280 quod
715 1183 761 1256 de
783 1185 860 1256 suis
890 1187 994 1258 bonis
1017 1199 1054 1259 et
1075 1184 1260 1259 thesauris
1283 1187 1424 1282 aliquid
1442 1215 1463 1248 ¹·
1476 1198 1535 1248 Par.
1550 1209 1592 1260 ²9·

73 1281 249 1356 conferre
271 1292 421 1377 possent
442 1281 480 1350 in
503 1278 701 1351 aedificium
725 1280 872 1375 templi,
890 1279 978 1376 quia
997 1294 1075 1353 toto
1092 1281 1206 1354 'corde
1224 1281 1424 1354 offerebant
1456 1289 1459 1296 '

74 1403 123 1454 ea
140 1377 310 1448 Domino.
330 1375 397 1448 Sed
414 1387 450 1446 et
469 1375 590 1451 David
608 1375 688 1446 Rex
705 1375 852 1448 laetatus
869 1388 925 1448 est
942 1376 1076 1468 gaudio
1093 1402 1243 1472 magno,
1264 1388 1301 1447 et
1317 1377 1426 1448 bene·

71 1473 178 1543 dixit
201 1472 382 1560 Domine,
405 1483 472 1542 eto.
1266 1475 1271 1482 '
1330 1547 1333 1554 1

125 1567 325 1660 Postquam
346 1565 523 1659 Josuphat
540 1565 723 1660 insignem
744 1567 938 1638 victoriam
952 1565 1000 1635 'de
1017 1569 1092 1638 suis
1112 1566 1284 1640 hostibus
1301 1593 1424 1662 repor-
1443 1585 1468 1624 ²·
1481 1572 1539 1624 aar.
1552 1583 1594 1621 20·

69 1661 190 1752 tavit,
205 1685 377 1733 reversus
395 1674 450 1732 est
470 1660 591 1732 omnis
610 1661 671 1733 vir
688 1660 786 1732 Juda
804 1673 840 1730 et
858 1660 1035 1755 Josaphat
1054 1674 1139 1734 ante
1155 1685 1217 1732 eos
1233 1687 1319 1734 cum
1335 1663 1425 1734 laeti-

71 1757 130 1826 tia
156 1780 302 1848 magna,
325 1779 369 1826 eo
395 1756 496 1848 quod
522 1753 684 1826 dedisset
707 1757 759 1826 eis
780 1756 964 1828 Dominus
990 1756 1168 1848 gaudium
1190 1756 1236 1826 de
1261 1757 1423 1831 inimicis

73 1850 166 1918 suis.
189 1851 422 1942 ingressique
437 1864 526 1922 sunt
541 1851 584 1920 in
600 1848 803 1922 Jerusalem
827 1873 913 1922 cum
930 1852 1112 1945 psalteriis
1136 1863 1172 1922 et
1190 1851 1359 1946 cytharis
1382 1856 1424 1925 in

70 1941 239 2014 Domum
259 1943 420 2013 Domini.
919 1983 921 1986 ·

125 2036 291 2128 Populus
317 2035 541 2106 Israeliticus
565 2036 778 2110 absolvebat
801 2036 999 2110 aedificium
1020 2039 1150 2133 templi
1172 2064 1258 2114 ctam
1280 2040 1424 2130 laetitia,
1442 2049 1535 2101 aaa.
1552 2047 1587 2098 ιὰ

73 2129 151 2198 sub
166 2130 279 2196 Dario
296 2129 391 2216 Rege
408 2127 625 2216 Persarum,
644 2144 679 2198 et
692 2131 897 2201 celebrabat
911 2131 1177 2222 dedicationem
1197 2135 1339 2205 Domus
1355 2133 1424 2204 Dei

71 2221 119 2294 in
134 2217 286 2314 gaudio,
302 2229 339 2288 et
354 2217 525 2288 fecerunt
540 2217 811 2289 solemnitatem
827 2233 967 2311 septem
981 2225 1111 2292 diebus
1124 2227 1165 2292 in
1179 2226 1323 2316 laetitia,
1335 2252 1425 2318 quo-

67 2316 176 2388 niam
197 2312 450 2386 laetificaverat
472 2337 534 2382 eos
556 2312 751 2384 Dominus.

125 2406 280 2479 Tobiam
298 2431 318 2477 e
338 2405 632 2502 peregrinatione
643 2405 816 2476 reducem
836 2407 1024 2478 osculatus
1043 2419 1097 2478 est
1113 2420 1218 2504 pater
1235 2434 1320 2481 cum
1333 2433 1431 2494 uxo:
1444 2424 1511 2474 Tot.
1524 2440 1559 2474 ιι.

66 2529 115 2578 re
139 2527 224 2594 sua,
244 2513 280 2575 et
302 2512 495 2598 coeperunt
516 2499 625 2570 ambo
646 2498 734 2570 flere
747 2524 833 2664 praa
851 2501 995 2594 gaudio.
1016 2501 1186 2596 Cumque
1210 2502 1425 2576 adorassent

63 2601 195 2672 Deum
219 2609 256 2669 et
277 2599 413 2693 gratias
436 2596 612 2688 egissent,
636 2619 746 2665 conse
773 2607 894 2666 eruut.
1123 2645 1129 2654 ·
1430 2625 1436 2630 ·

119 2693 200 2766 Reli
227 2717 320 2766 uum
338 2695 428 2770 vitae
451 2692 575 2764 Tobiae
594 2691 634 2762 in
654 2689 788 2782 gaudio
805 2691 894 2782 fuit,
913 2703 950 2762 et
971 2715 1057 2763 cum
1079 2693 1178 2764 bono
1195 2691 1364 2787 profectu
1379 2693 1424 2764 ti·
1443 2709 1509 2759 Tou.
1525 2705 1561 2773 14.
1583 2707 1609 2772 4.

62 2790 187 2865 moris
244 2791 278 2860 ei
299 2789 467 2884 perrexit
486 2789 527 2859 in
550 2809 648 2881 pace.

118 2883 258 2957 Esther
272 2884 317 2956 de
337 2911 375 2957 se
391 2895 569 2956 testatur:
588 2882 752 2973 Tuscis,
766 2883 943 2974 Domine,
960 2881 1062 2978 quod
1084 2906 1280 2980 nunquam
1301 2883 1425 2955 laetata
1442 2893 1517 2958 Esau
1531 2892 1567 2960 ¹4·
1583 2893 1620 2944 ¹&

61 2981 122 3052 sit
142 2979 275 3052 ancilla
302 2994 382 3070 tua,
405 3004 455 3050 ex
478 3004 553 3070 quo
582 2977 659 3048 huc
675 2978 865 3051 'translata
886 3003 971 3050 sum
996 3004 1116 3074 usque
1139 2983 1180 3051 in
1203 2990 1424 3074 praesentem

61 3073 189 3159 diens,
211 3073 285 3140 nisi
303 3073 344 3142 in
367 3084 404 3142 te
427 3072 585 3141 Domine
609 3071 707 3141 Deus
731 3071 928 3143 Abraham.

121 3165 285 3234 Laetatus
308 3177 363 3234 est
381 3163 494 3250 Jonas
518 3189 636 3258 super·
650 3163 788 3234 hedera
808 3165 937 3236 letitia
959 3165 1111 3258 magnai,
1130 3165 1193 3235 sed
1213 3166 1327 3238 breve
1350 3165 1424 3236 suit
1441 3175 1514 3224 1⁶¹²oe
1532 3175 1558 3236 t·

61 3257 275 3356 gaudium3
299 3281 387 3326 narn
409 3281 486 3326 una
508 3269 615 3328 nocte
637 3257 773 3346 viruit,
795 3272 832 3330 et
854 3259 1020 3331 diluculo
1042 3258 1201 3329 exaurit.

120 3353 205 3424 Filii
224 3350 390 3440 Jambri,
408 3372 494 3418 cum
515 3346 592 3417 laeti
605 3350 867 3439 processissent
889 3353 934 3421 ad
954 3354 1120 3444 nuptias,
1139 3352 1251 3421 occisi
1265 3363 1363 3422 sunt.
1377 3353 1424 3420 Et
1441 3368 1461 3400 ¹·
1484 3349 1570 3400 Mtch·
1593 3369 1618 3418 a

59 3471 264 3522 conversae
277 3457 367 3516 sunt
383 3442 525 3534 nuptiae
536 3441 576 3510 in
590 3440 754 3526 luctum,
769 3456 804 3511 et
816 3469 894 3514 vox
911 3447 1137 3514 musicorum
1152 3443 1193 3511 in
1207 3443 1423 3512 lamentum.
1486 3445 1489 3454 '
1511 3417 1553 3483 37'

122 3539 333 3633 Discipulos
349 3537 534 3626 laetantes,
553 3529 652 3628 quod
672 3530 857 3604 daemones
876 3536 1069 3628 ejecerint,
1088 3546 1213 3605 monet
1235 3534 1424 3606 Christus:
1442 3551 1507 3603 Luc.
1521 3569 1562 3617 ιο,
1576 3569 1617 3603 20.

60 3640 119 3710 In
132 3633 204 3704 hoc
221 3630 338 3705 nolite
356 3629 532 3728 gaudere,
549 3629 636 3723 quia
656 3625 809 3722 spiritus
828 3630 1025 3724 subjicitur
1039 3627 1167 3702 vobis:
1185 3627 1340 3723 gaudete
1357 3655 1425 3702 au-

59 3743 168 3819 tem,
191 3727 292 3838 quod
314 3728 469 3800 nomina
490 3736 615 3798 vestra
642 3722 778 3816 scripta
802 3726 952 3796 suntin
973 3723 1085 3796 coelis.

122 3827 220 3916 Magi
243 3823 414 3896 videntes
435 3819 575 3896 stellam
595 3817 713 3913 gavisi
736 3833 824 3898 samt
850 3819 983 3915 gaudio
1006 3843 1139 3915 magno
1160 3820 1278 3894 valde.
1443 3833 1539 3884 Mattb·
1558 3850 1583 3884 2.

122 3917 286 3988 Ioannes
316 3919 482 4014 Baptista
514 3913 700 3988 exultavit
726 3915 768 3986 in
797 3926 905 3988 utero
934 3917 1081 4012 matris,
1110 3939 1196 3990 cum
1222 3941 1244 3988 a
1274 3913 1539 3990 christeae-1·

60 4011 381 4092 sanctificaretur.
713 4077 722 4098 ,

122 4107 301 4181 Zaehaeus
330 4107 519 4180 Christum
542 4105 689 4200 excepit
720 4104 885 4202 hospitio
904 4105 1076 4202 gaudens.
1405 4189 1410 4196 ‚
1441 4125 1504 4176 tue.
1517 4143 1553 4198 ¹9·

122 4203 254 4282 Gavisi
282 4215 372 4276 sunt
402 4201 574 4298 discipuli
593 4203 676 4278 viso
696 4202 857 4277 Domino
878 4216 1101 4298 resurgente.
1441 4223 1517 4274 roan.
1525 4221 1566 4272 πο·
1575 4237 1614 4274 20.

961 4389 963 4392 ’
1035 4401 1064 4464 0
