4502 5484
184 417 298 506 TIT.
322 412 522 502 XXXIV.
550 415 873 529 Contemplatio
895 437 938 498 et
955 387 1190 499 Illustratio
1214 417 1385 542 mentis.
1416 414 1468 497 63

177 640 273 712 Cum
296 637 448 710 sedisset
463 661 534 708 rex
552 636 675 710 David
697 637 739 709 in
757 636 868 710 domo
891 664 981 729 sua,
1000 650 1036 710 et
1057 636 1241 710 Dominus
1259 632 1417 705 dedisset
1440 633 1475 704 ei
1493 657 1519 694 2·
1534 643 1597 711 Rea·
1611 660 1638 712 7·

129 733 298 828 requiem
316 731 485 825 undique
506 732 552 802 ab
563 732 751 806 universis
766 733 955 825 inimicis,
970 733 1070 806 dixit
1087 729 1130 802 ad
1149 727 1299 802 Nathan
1315 727 1476 824 prophe·

130 839 207 902 tam
229 852 236 895 :
255 825 373 922 tides
391 825 492 919 quod
514 825 677 897 habitem
704 827 744 895 in
768 823 879 898 domo
905 827 1063 900 cedrina.
1170 832 1174 840 ’
1496 889 1505 898 .
1558 831 1560 834 ’

177 919 270 994 Eliae
295 918 455 1014 fugienti
483 945 506 989 a
530 917 624 988 facie
658 917 805 988 lezabel
838 935 1028 995 ostensum
1058 934 1136 1011 est,
1169 914 1271 1014 quod
1292 917 1475 990 Dominus
1495 933 1520 986 s.
1534 934 1597 1000 neg.
1610 947 1632 981 ι.

130 1039 209 1086 non
233 1025 312 1086 erat
330 1014 372 1084 in
395 1012 529 1105 spiritu
546 1011 694 1104 grandi,
709 1035 779 1082 nec
799 1013 841 1085 in
857 1017 1126 1108 commotione,
1142 1037 1210 1085 nec
1226 1011 1268 1083 iu
1287 1013 1394 1107 igne,
1412 1010 1476 1083 sed
1527 1071 1529 1076 s

130 1109 172 1182 in
202 1107 311 1180 sibilo
333 1129 433 1176 auras
449 1106 586 1176 tenuis.

178 1203 252 1273 Per
284 1195 568 1270 similitudinem
595 1223 722 1270 rerum
752 1204 1002 1296 corporalium
1031 1200 1139 1272 debet
1174 1202 1299 1272 anima
1332 1223 1478 1286 sumere
1496 1217 1521 1283 4.
1536 1217 1598 1282 neg.
1614 1215 1639 1276 3,

130 1293 339 1390 judicium,
353 1289 416 1363 vel
432 1289 521 1363 ferri
537 1293 578 1362 in
600 1292 739 1381 Deum,
756 1295 803 1378 in¹
821 1295 898 1389 quo
912 1293 1207 1389 inseparabiliter
1223 1293 1356 1364 melius
1370 1291 1480 1362 inve-

131 1389 258 1476 nitur,
282 1383 466 1480 quidquid
485 1385 698 1458 delectabile
722 1389 763 1459 in
791 1401 961 1461 creatura
986 1387 1147 1462 videtur.
1174 1385 1285 1458 Unde
1306 1407 1393 1456 curn
1419 1407 1481 1452 ca-

132 1493 239 1553 neret
254 1479 390 1574 psaltes
406 1505 529 1550 coram
547 1479 705 1571 Elisaeo,
731 1481 836 1554 facta
853 1495 909 1554 est
927 1507 1063 1554 manus
1084 1483 1236 1553 Domini
1254 1504 1365 1574 super
1383 1501 1480 1548 eum.

185 1575 280 1646 Cum
308 1571 465 1644 Elisaeus
485 1584 624 1644 attente
645 1575 767 1647 voluit
789 1602 893 1648 orare
918 1603 986 1672 pro
1007 1588 1157 1648 mortuo
1181 1573 1258 1646 fflio
1281 1571 1484 1644 sunamiti·
1499 1601 1524 1667 4.
1539 1596 1641 1666 gagg.

131 1666 212 1758 dis,
237 1692 317 1738 non
343 1663 524 1738 fecithoc
551 1690 673 1739 coram
697 1669 801 1759 aliis,
829 1669 893 1742 sed
915 1671 1048 1742 clausit
1069 1671 1218 1741 ostium.

183 1764 272 1834 Sara
293 1759 371 1831 filia
389 1761 583 1856 Raguelis‚
613 1761 741 1835 audito
755 1764 887 1858 grandi
904 1767 1025 1860 impro
1051 1765 1129 1835 erio
1144 1763 1191 1833 ab
1207 1787 1285 1834 una
1306 1761 1352 1832 de
1367 1759 1484 1830 ancil·
1500 1771 1568 1822 rob.
1587 1769 1612 1820 3.

132 1857 180 1930 lis
204 1856 305 1945 suis,
339 1855 505 1949 perrexit
523 1856 564 1926 in
587 1855 745 1928 inferius
775 1859 1001 1932 cubiculum
1016 1787 1155 1930 domus
1173 1881 1276 1947 suae,
1304 1870 1341 1927 et
1362 1855 1484 1926 tribus

136 1951 269 2022 diebus
285 1959 323 2020 et
343 1949 465 2020 tribus
491 1949 664 2025 noctibus
689 1975 767 2022 non
790 1952 1053 2040 manducavit,
1069 1978 1191 2046 neque
1214 1951 1330 2040 bibit,
1358 1948 1486 2020 sedin

135 2043 302 2118 oratione
319 2043 540 2135 persistens,
571 2066 657 2112 cum
678 2043 856 2141 lacrymis
878 2045 1144 2138 deprecabatur
1163 2046 1380 2116 Dominum.

184 2133 333 2205 Videns
355 2133 488 2204 Judith
506 2134 688 2227 populum
715 2163 825 2209 suum
851 2140 893 2209 in
915 2140 1218 2232 erumpentum,
1240 2140 1405 2230 ingressa
1430 2143 1487 2206 est
1505 2149 1606 2205 tutiu.
1620 2168 1648 2216 9.

140 2224 349 2298 oratorium
372 2247 502 2312 suum,
523 2237 560 2292 et
575 2226 735 2298 induens
763 2257 800 2299 se
819 2230 938 2300 cilicio
964 2233 1089 2322 posuit
1107 2233 1267 2302 cinerem
1290 2254 1403 2322 super
1426 2251 1488 2298 ca-

139 2332 214 2415 put
238 2339 374 2404 suurn,
395 2326 432 2386 et
449 2327 687 2409 prosternens
714 2341 751 2386 se
775 2319 949 2390 clamavit
970 2321 1015 2386 ad
1032 2325 1246 2392 Dominum.
1510 2369 1513 2374 -

188 2407 328 2480 Esther
344 2409 471 2499 regina
489 2405 658 2499 confugit
677 2409 723 2478 ad
741 2411 968 2500 Dominum,
987 2435 1128 2504 pavens
1149 2411 1371 2504 periculum,
1389 2410 1489 2502 quod
1508 2419 1582 2470 Eub·
1597 2415 1639 2482 14.

139 2499 372 2582 imminebat.
394 2499 564 2594 Cumque
586 2498 815 2594 deposuisset
844 2515 988 2590 vestes,
1012 2504 1160 2575 fletibus
1184 2516 1220 2573 et
1240 2504 1361 2574 luctui
1377 2501 1492 2574 indu-

138 2607 267 2672 meu'ta
294 2605 379 2689 apta
408 2594 596 2690 suscepit,
627 2607 665 2664 et
696 2595 961 2692 deprecabatur
987 2596 1220 2670 Dominum:
1254 2596 1403 2690 Adjuva
1431 2619 1491 2665 me

141 2691 353 2766 solitariam.
1143 2761 1150 2780 ,
1253 2699 1276 2758 ’.
1416 2725 1423 2732 ·

46 2791 50 2800 ’
188 2787 277 2857 Post
301 2782 562 2866 tribulationes
582 2795 619 2854 et
638 2785 889 2876 turbationes,
907 2811 1000 2881 quas
1016 2785 1225 2856 sustinebat
1240 2781 1490 2872 David,dice-
1508 2805 1549 2855 1³³.
1565 2801 1612 2867 st.

139 2883 204 2953 bat
222 2877 336 2968 :Quis
352 2876 455 2952 dabit
473 2876 568 2950 mihi
580 2903 721 2972 pennas
735 2879 831 2950 sicut
844 2880 1042 2970 columbae,
1058 2893 1095 2950 et
1111 2879 1261 2968 volabo,
1278 2890 1313 2948 et
1324 2879 1490 2972 requies-

143 2987 234 3048 cant.
257 2975 306 3044 Et
326 2971 455 3044 subdit
467 2972 620 3044 modum
634 2973 851 3068 acquirendi
866 2999 1007 3070 pennas
1018 2987 1056 3046 et
1072 2973 1239 3069 requiem
1256 3001 1262 3042 :
1279 2969 1374 3046 Ecce
1386 2971 1492 3044 elon·
1590 3031 1595 3040 .

144 3071 230 3164 gari
255 3065 402 3158 lugiens
428 3079 466 3136 et
486 3066 608 3136 mansi
628 3067 672 3136 in
694 3066 904 3140 solitudine.
985 3106 988 3111 ·
1024 3087 1028 3094 '
1566 3139 1576 3165 ,

195 3161 290 3230 Cum
309 3169 405 3227 esset
422 3157 595 3229 Ezechiel
610 3160 651 3229 in
670 3159 793 3230 medio
813 3163 1070 3260 captivorum,
1089 3160 1186 3231 facta
1207 3174 1262 3233 est
1279 3183 1490 3254 supereum
1509 3177 1603 3230 auch.
1625 3193 1647 3227 t.

145 3275 281 3325 manus
292 3250 445 3318 Domini
455 3263 491 3320 et
501 3249 613 3339 vidit,
650 3252 725 3323 uod
735 3265 874 3326 ventus
886 3256 1048 3326 turbinis
1059 3254 1232 3326 veniebat
1244 3254 1491 3344 abAquilone.

195 3341 361 3416 Audiens
380 3341 512 3410 Daniel
533 3277 717 3414 crotildem
742 3350 963 3419 sententiam
984 3360 1114 3418 contra
1135 3348 1316 3440 sapientes
1331 3343 1493 3448 Babylo·
1512 3365 1582 3413 uin.
1600 3375 1627 3408 2.

147 3441 207 3514 nis
229 3439 365 3525 latam,
387 3433 576 3530 ingressus
594 3446 649 3502 est
669 3436 711 3504 in
736 3437 889 3508 domum
918 3465 1048 3528 suam,
1077 3453 1114 3509 et
1141 3439 1186 3508 de
1211 3451 1319 3509 nocte
1345 3459 1410 3530 per
1435 3459 1496 3506 vr-

151 3536 289 3605 sionem
317 3524 544 3622 mysterium
570 3525 775 3596 revelatum
798 3543 854 3598 est
880 3533 925 3600 ei.

198 3623 306 3695 Dixit
331 3616 480 3691 Gabriel
514 3617 677 3710 Angelus
711 3629 757 3686 au
783 3619 971 3692 Danielem
1005 3620 1101 3690 miro
1130 3619 1278 3692 fervore
1307 3633 1496 3691 orantem:
1516 3629 1625 3696 mas

151 3724 330 3814 Egressus
353 3737 459 3805 sum,
485 3725 529 3784 ut
550 3710 719 3784 docerem
748 3723 806 3805 te,
830 3726 867 3785 et
897 3713 1139 3807 intelligeres,
1164 3715 1254 3808 quia
1273 3713 1334 3810 ¹uir
1356 3713 1500 3786 deside-

153 3815 294 3887 riorum
320 3820 363 3880 tu
384 3832 434 3879 es.
551 3827 557 3843 ⁸

203 3909 320 4001 Super
337 3901 544 3974 custodiam
570 3900 697 3993 stabo,
720 3903 772 3974 ait
794 3901 966 3976 Hahacuc
992 3914 1030 3974 et
1050 3900 1159 3996 figam
1183 3902 1359 3998 gaudium
1374 3927 1501 3975 meum
1518 3921 1616 3973 mnae.
1635 3937 1663 3973 2.

157 4025 268 4095 super
301 3997 549 4070 munitionem
578 4009 615 4066 et
641 3996 941 4092 contemplabor,
969 4009 1014 4069 ut
1040 3995 1210 4090 videam,
1238 3997 1329 4094 quid
1355 3996 1501 4070 dicatur

157 4093 277 4182 mihi,
306 4105 342 4163 et
373 4089 465 4184 quid
493 4089 734 4185 respondeam
760 4093 807 4163 ad
834 4105 1050 4186 arguentem
1076 4117 1146 4164 me.
1655 4143 1659 4150 κ

207 4185 369 4262 Dimissi
386 4186 497 4262 turba
514 4184 679 4262 ascendit
700 4186 883 4262 Dominus
912 4187 955 4260 in
973 4197 1139 4262 montem
1156 4185 1257 4262 solus
1275 4212 1389 4262 orare.
1408 4186 1505 4262 Ves-
1519 4201 1616 4256 11111.
1640 4198 1680 4264 tt.
