<?xml version="1.0" encoding="UTF-8"?>
<!DOCTYPE html PUBLIC "-//W3C//DTD XHTML 1.0 Transitional//EN"
    "http://www.w3.org/TR/xhtml1/DTD/xhtml1-transitional.dtd">
<html xmlns="http://www.w3.org/1999/xhtml" xml:lang="en" lang="en">
 <head>
  <title>
</title>
<meta http-equiv="Content-Type" content="text/html;charset=utf-8" />
  <meta name='ocr-system' content='tesseract 3.04.00' />
  <meta name='ocr-capabilities' content='ocr_page ocr_carea ocr_par ocr_line ocrx_word'/>
</head>
<body>
  <div class='ocr_page' id='page_1' title='image "./exemplabiblicai00hanagoog_0264.png"; bbox 0 0 4464 5464; ppageno 0'>
   <div class='ocr_carea' id='block_1_1' title="bbox 369 529 1486 682">
    <p class='ocr_par' dir='ltr' id='par_1_1' title="bbox 369 529 1486 682">
     <span class='ocr_line' id='line_1_1' title="bbox 369 529 1486 682; baseline 0.023 -59"><span class='ocrx_word' id='word_1_1' title='bbox 369 529 639 632; x_wconf 83' lang='lat' dir='ltr'>TtTULth</span> <span class='ocrx_word' id='word_1_2' title='bbox 688 540 919 638; x_wconf 75' lang='lat' dir='ltr'>CXXXIII.</span> <span class='ocrx_word' id='word_1_3' title='bbox 971 552 1275 644; x_wconf 78' lang='lat' dir='ltr'>Paenitentia·</span> <span class='ocrx_word' id='word_1_4' title='bbox 1406 565 1486 682; x_wconf 64' lang='lat'>24&#39;9</span> 
     </span>
    </p>
   </div>
   <div class='ocr_carea' id='block_1_2' title="bbox 67 753 1688 3069">
    <p class='ocr_par' dir='ltr' id='par_1_2' title="bbox 119 753 1655 1018">
     <span class='ocr_line' id='line_1_2' title="bbox 168 753 1655 936; baseline 0.009 -109"><span class='ocrx_word' id='word_1_5' title='bbox 168 753 416 834; x_wconf 88' lang='lat' dir='ltr'>Lamentante</span> <span class='ocrx_word' id='word_1_6' title='bbox 437 761 555 836; x_wconf 86' lang='lat' dir='ltr'>Esdra</span> <span class='ocrx_word' id='word_1_7' title='bbox 580 792 649 860; x_wconf 90' lang='lat' dir='ltr'>pro</span> <span class='ocrx_word' id='word_1_8' title='bbox 675 769 806 936; x_wconf 69' lang='lat' dir='ltr'>populi</span> <span class='ocrx_word' id='word_1_9' title='bbox 831 770 1172 868; x_wconf 89' lang='lat' dir='ltr'>peccatis,dictu1n</span> <span class='ocrx_word' id='word_1_10' title='bbox 1200 793 1256 852; x_wconf 91' lang='lat' dir='ltr'>est</span> <span class='ocrx_word' id='word_1_11' title='bbox 1289 779 1351 852; x_wconf 87' lang='lat' dir='ltr'>ei:</span> <span class='ocrx_word' id='word_1_12' title='bbox 1371 780 1410 852; x_wconf 93' lang='lat' dir='ltr'>Si</span> <span class='ocrx_word' id='word_1_13' title='bbox 1435 789 1492 852; x_wconf 91' lang='lat' dir='ltr'>est</span> <span class='ocrx_word' id='word_1_14' title='bbox 1509 808 1530 844; x_wconf 88' lang='grc' dir='ltr'>ι.</span> <span class='ocrx_word' id='word_1_15' title='bbox 1543 785 1607 844; x_wconf 77' lang='lat' dir='ltr'>ssd.</span> <span class='ocrx_word' id='word_1_16' title='bbox 1616 801 1655 840; x_wconf 79' lang='lat' dir='ltr'>so·</span> 
     </span>
     <span class='ocr_line' id='line_1_3' title="bbox 119 853 1598 1018; baseline 0.022 -97"><span class='ocrx_word' id='word_1_17' title='bbox 119 853 345 1018; x_wconf 58' lang='lat' dir='ltr'>poenitentia</span> <span class='ocrx_word' id='word_1_18' title='bbox 378 859 420 941; x_wconf 82' lang='lat' dir='ltr'>in</span> <span class='ocrx_word' id='word_1_19' title='bbox 445 860 560 932; x_wconf 74' lang='lat' dir='ltr'>Israel</span> <span class='ocrx_word' id='word_1_20' title='bbox 585 887 698 958; x_wconf 88' lang='lat' dir='ltr'>super</span> <span class='ocrx_word' id='word_1_21' title='bbox 750 891 793 938; x_wconf 90' lang='lat' dir='ltr'>oc</span> <span class='ocrx_word' id='word_1_22' title='bbox 805 921 816 960; x_wconf 95' lang='lat'>,</span> <span class='ocrx_word' id='word_1_23' title='bbox 830 873 1038 965; x_wconf 88' lang='lat' dir='ltr'>percutiam</span> <span class='ocrx_word' id='word_1_24' title='bbox 1063 871 1190 950; x_wconf 82' lang='lat' dir='ltr'>foedus</span> <span class='ocrx_word' id='word_1_25' title='bbox 1217 901 1306 951; x_wconf 93' lang='lat' dir='ltr'>cum</span> <span class='ocrx_word' id='word_1_26' title='bbox 1330 876 1492 968; x_wconf 82' lang='lat' dir='ltr'>Domino</span> <span class='ocrx_word' id='word_1_27' title='bbox 1597 961 1598 967; x_wconf 8' lang='grc' dir='ltr'>γ</span> 
     </span>
    </p>

    <p class='ocr_par' dir='ltr' id='par_1_3' title="bbox 156 964 1045 1025">
     <span class='ocr_line' id='line_1_4' title="bbox 156 964 1045 1025; baseline 0.03 -7"><span class='ocrx_word' id='word_1_28' title='bbox 156 972 201 1020; x_wconf 89' lang='lat' dir='ltr'>eo</span> <span class='ocrx_word' id='word_1_29' title='bbox 239 964 377 1025; x_wconf 86' lang='lat' dir='ltr'>nostro.</span> <span class='ocrx_word' id='word_1_30' title='bbox 1033 979 1045 1000; x_wconf 77' lang='lat'><strong>⁶</strong></span> 
     </span>
    </p>

    <p class='ocr_par' dir='ltr' id='par_1_4' title="bbox 119 1044 1660 1329">
     <span class='ocr_line' id='line_1_5' title="bbox 170 1044 1660 1156; baseline 0.019 -42"><span class='ocrx_word' id='word_1_31' title='bbox 170 1044 311 1118; x_wconf 81' lang='lat' dir='ltr'>Audita</span> <span class='ocrx_word' id='word_1_32' title='bbox 338 1050 499 1123; x_wconf 83' lang='lat' dir='ltr'>terribili</span> <span class='ocrx_word' id='word_1_33' title='bbox 524 1055 691 1146; x_wconf 88' lang='lat' dir='ltr'>potentia</span> <span class='ocrx_word' id='word_1_34' title='bbox 719 1055 955 1154; x_wconf 86' lang='lat' dir='ltr'>Holofernis,</span> <span class='ocrx_word' id='word_1_35' title='bbox 975 1067 1181 1143; x_wconf 82' lang='lat' dir='ltr'><strong>sacerdotes</strong></span> <span class='ocrx_word' id='word_1_36' title='bbox 1213 1069 1423 1146; x_wconf 84' lang='lat' dir='ltr'>induerunt</span> <span class='ocrx_word' id='word_1_37' title='bbox 1455 1095 1493 1144; x_wconf 88' lang='lat' dir='ltr'>se</span> <span class='ocrx_word' id='word_1_38' title='bbox 1511 1087 1614 1146; x_wconf 79' lang='lat' dir='ltr'>tutia.</span> <span class='ocrx_word' id='word_1_39' title='bbox 1633 1085 1660 1156; x_wconf 76' lang='lat' dir='ltr'>t·</span> 
     </span>
     <span class='ocr_line' id='line_1_6' title="bbox 119 1138 1495 1264; baseline 0.024 -56"><span class='ocrx_word' id='word_1_40' title='bbox 119 1138 274 1230; x_wconf 87' lang='lat' dir='ltr'>ciliciis,</span> <span class='ocrx_word' id='word_1_41' title='bbox 296 1153 334 1214; x_wconf 90' lang='lat' dir='ltr'>et</span> <span class='ocrx_word' id='word_1_42' title='bbox 366 1169 416 1215; x_wconf 84' lang='lat' dir='ltr'>ex</span> <span class='ocrx_word' id='word_1_43' title='bbox 452 1157 532 1218; x_wconf 88' lang='lat' dir='ltr'>toto</span> <span class='ocrx_word' id='word_1_44' title='bbox 570 1149 679 1246; x_wconf 82' lang='lat' dir='ltr'>corde</span> <span class='ocrx_word' id='word_1_45' title='bbox 716 1175 845 1227; x_wconf 88' lang='lat' dir='ltr'>ornnes</span> <span class='ocrx_word' id='word_1_46' title='bbox 879 1160 1036 1236; x_wconf 86' lang='lat' dir='ltr'>orabant</span> <span class='ocrx_word' id='word_1_47' title='bbox 1074 1167 1302 1264; x_wconf 86' lang='lat' dir='ltr'>Dominum,</span> <span class='ocrx_word' id='word_1_48' title='bbox 1320 1179 1363 1241; x_wconf 90' lang='lat' dir='ltr'>ut</span> <span class='ocrx_word' id='word_1_49' title='bbox 1400 1167 1495 1244; x_wconf 86' lang='lat' dir='ltr'>visi-</span> 
     </span>
     <span class='ocr_line' id='line_1_7' title="bbox 119 1237 587 1329; baseline 0.03 -26"><span class='ocrx_word' id='word_1_50' title='bbox 119 1244 219 1320; x_wconf 77' lang='lat' dir='ltr'>taret</span> <span class='ocrx_word' id='word_1_51' title='bbox 246 1237 428 1329; x_wconf 88' lang='lat' dir='ltr'>populum</span> <span class='ocrx_word' id='word_1_52' title='bbox 464 1266 587 1316; x_wconf 89' lang='lat' dir='ltr'>suum.</span> 
     </span>
    </p>

    <p class='ocr_par' dir='ltr' id='par_1_5' title="bbox 67 1331 1661 1619">
     <span class='ocr_line' id='line_1_8' title="bbox 169 1331 1661 1455; baseline 0.021 -58"><span class='ocrx_word' id='word_1_53' title='bbox 169 1331 223 1398; x_wconf 90' lang='lat' dir='ltr'>Et</span> <span class='ocrx_word' id='word_1_54' title='bbox 251 1331 292 1400; x_wconf 92' lang='lat' dir='ltr'>in</span> <span class='ocrx_word' id='word_1_55' title='bbox 327 1333 492 1410; x_wconf 78' lang='lat' dir='ltr'>Laudem</span> <span class='ocrx_word' id='word_1_56' title='bbox 531 1340 665 1426; x_wconf 73' lang='lat' dir='ltr'>iudith</span> <span class='ocrx_word' id='word_1_57' title='bbox 700 1343 983 1442; x_wconf 67' lang='lat' dir='ltr'>dicitqunod</span> <span class='ocrx_word' id='word_1_58' title='bbox 1020 1353 1164 1430; x_wconf 84' lang='lat' dir='ltr'>habens</span> <span class='ocrx_word' id='word_1_59' title='bbox 1202 1383 1314 1455; x_wconf 89' lang='lat' dir='ltr'>super</span> <span class='ocrx_word' id='word_1_60' title='bbox 1344 1352 1494 1428; x_wconf 89' lang='lat' dir='ltr'>lumbos</span> <span class='ocrx_word' id='word_1_61' title='bbox 1511 1357 1661 1416; x_wconf 60' lang='lat' dir='ltr'>iunctus·</span> 
     </span>
     <span class='ocr_line' id='line_1_9' title="bbox 121 1424 1624 1547; baseline 0.018 -48"><span class='ocrx_word' id='word_1_62' title='bbox 121 1448 213 1496; x_wconf 76' lang='lat' dir='ltr'>snos</span> <span class='ocrx_word' id='word_1_63' title='bbox 258 1424 439 1520; x_wconf 81' lang='lat' dir='ltr'>cilicium,</span> <span class='ocrx_word' id='word_1_64' title='bbox 475 1435 669 1531; x_wconf 78' lang='lat' dir='ltr'><strong>jejunabat</strong></span> <span class='ocrx_word' id='word_1_65' title='bbox 701 1445 877 1519; x_wconf 88' lang='lat' dir='ltr'>omnibus</span> <span class='ocrx_word' id='word_1_66' title='bbox 918 1449 1060 1523; x_wconf 88' lang='lat' dir='ltr'>diebus</span> <span class='ocrx_word' id='word_1_67' title='bbox 1092 1455 1183 1526; x_wconf 85' lang='lat' dir='ltr'>vitae</span> <span class='ocrx_word' id='word_1_68' title='bbox 1227 1481 1328 1543; x_wconf 69' lang='lat' dir='ltr'>strae,</span> <span class='ocrx_word' id='word_1_69' title='bbox 1359 1461 1495 1547; x_wconf 83' lang='lat' dir='ltr'>praeter</span> <span class='ocrx_word' id='word_1_70' title='bbox 1616 1503 1624 1512; x_wconf 81' lang='lat'>·</span> 
     </span>
     <span class='ocr_line' id='line_1_10' title="bbox 67 1517 1248 1619; baseline 0.034 -35"><span class='ocrx_word' id='word_1_71' title='bbox 67 1539 71 1550; x_wconf 93' lang='lat'>·</span> <span class='ocrx_word' id='word_1_72' title='bbox 119 1517 279 1591; x_wconf 78' lang='lat' dir='ltr'>Sabbata</span> <span class='ocrx_word' id='word_1_73' title='bbox 309 1532 345 1592; x_wconf 87' lang='lat' dir='ltr'>et</span> <span class='ocrx_word' id='word_1_74' title='bbox 377 1524 598 1604; x_wconf 77' lang='lat' dir='ltr'>Neomenias</span> <span class='ocrx_word' id='word_1_75' title='bbox 625 1549 663 1608; x_wconf 90' lang='lat' dir='ltr'>et</span> <span class='ocrx_word' id='word_1_76' title='bbox 695 1537 790 1611; x_wconf 83' lang='lat' dir='ltr'>festa</span> <span class='ocrx_word' id='word_1_77' title='bbox 824 1540 958 1616; x_wconf 80' lang='lat' dir='ltr'>domds</span> <span class='ocrx_word' id='word_1_78' title='bbox 994 1547 1118 1619; x_wconf 70' lang='lat' dir='ltr'>Israel.</span> <span class='ocrx_word' id='word_1_79' title='bbox 1230 1575 1248 1595; x_wconf 77' lang='grc'>’-</span> 
     </span>
    </p>

    <p class='ocr_par' dir='ltr' id='par_1_6' title="bbox 113 1615 1632 1828">
     <span class='ocr_line' id='line_1_11' title="bbox 170 1615 1632 1732; baseline 0.021 -49"><span class='ocrx_word' id='word_1_80' title='bbox 170 1615 354 1701; x_wconf 88' lang='lat' dir='ltr'>Quamvis</span> <span class='ocrx_word' id='word_1_81' title='bbox 371 1619 442 1693; x_wconf 88' lang='lat' dir='ltr'>Job</span> <span class='ocrx_word' id='word_1_82' title='bbox 458 1639 553 1698; x_wconf 88' lang='lat' dir='ltr'>esset</span> <span class='ocrx_word' id='word_1_83' title='bbox 570 1632 633 1702; x_wconf 87' lang='lat' dir='ltr'>vir</span> <span class='ocrx_word' id='word_1_84' title='bbox 651 1634 812 1728; x_wconf 80' lang='lat' dir='ltr'>simplex</span> <span class='ocrx_word' id='word_1_85' title='bbox 829 1649 865 1708; x_wconf 86' lang='lat' dir='ltr'>et</span> <span class='ocrx_word' id='word_1_86' title='bbox 881 1653 1024 1732; x_wconf 87' lang='lat' dir='ltr'>rectus,</span> <span class='ocrx_word' id='word_1_87' title='bbox 1040 1646 1177 1717; x_wconf 86' lang='lat' dir='ltr'>timens</span> <span class='ocrx_word' id='word_1_88' title='bbox 1193 1645 1333 1732; x_wconf 82' lang='lat' dir='ltr'>Deum,</span> <span class='ocrx_word' id='word_1_89' title='bbox 1345 1651 1382 1714; x_wconf 88' lang='lat' dir='ltr'>et</span> <span class='ocrx_word' id='word_1_90' title='bbox 1397 1667 1494 1715; x_wconf 87' lang='lat' dir='ltr'>rece·</span> <span class='ocrx_word' id='word_1_91' title='bbox 1512 1649 1573 1725; x_wconf 70' lang='lat' dir='ltr'>tob.</span> <span class='ocrx_word' id='word_1_92' title='bbox 1589 1643 1632 1712; x_wconf 68' lang='lat'>4²·</span> 
     </span>
     <span class='ocr_line' id='line_1_12' title="bbox 113 1706 1493 1828; baseline 0.024 -53"><span class='ocrx_word' id='word_1_93' title='bbox 113 1706 211 1779; x_wconf 84' lang='lat' dir='ltr'>dens</span> <span class='ocrx_word' id='word_1_94' title='bbox 224 1735 246 1779; x_wconf 90' lang='lat' dir='ltr'>a</span> <span class='ocrx_word' id='word_1_95' title='bbox 259 1709 508 1806; x_wconf 77' lang='lat' dir='ltr'>malo5tan1en</span> <span class='ocrx_word' id='word_1_96' title='bbox 522 1722 667 1798; x_wconf 85' lang='lat' dir='ltr'>dicebat</span> <span class='ocrx_word' id='word_1_97' title='bbox 677 1753 684 1797; x_wconf 91' lang='lat'>:</span> <span class='ocrx_word' id='word_1_98' title='bbox 695 1729 772 1824; x_wconf 78' lang='lat' dir='ltr'>Ego</span> <span class='ocrx_word' id='word_1_99' title='bbox 779 1753 847 1825; x_wconf 82' lang='lat' dir='ltr'>ago</span> <span class='ocrx_word' id='word_1_100' title='bbox 854 1735 1113 1828; x_wconf 87' lang='lat' dir='ltr'>poenitentiam</span> <span class='ocrx_word' id='word_1_101' title='bbox 1123 1741 1163 1810; x_wconf 90' lang='lat' dir='ltr'>in</span> <span class='ocrx_word' id='word_1_102' title='bbox 1173 1739 1301 1811; x_wconf 81' lang='lat' dir='ltr'>favilla</span> <span class='ocrx_word' id='word_1_103' title='bbox 1310 1751 1346 1811; x_wconf 89' lang='lat' dir='ltr'>et</span> <span class='ocrx_word' id='word_1_104' title='bbox 1358 1739 1493 1810; x_wconf 84' lang='lat' dir='ltr'>cinere.</span> 
     </span>
    </p>

    <p class='ocr_par' dir='ltr' id='par_1_7' title="bbox 114 1804 1626 2159">
     <span class='ocr_line' id='line_1_13' title="bbox 167 1804 1626 1917; baseline 0.023 -45"><span class='ocrx_word' id='word_1_105' title='bbox 167 1804 338 1917; x_wconf 76' lang='lat' dir='ltr'>Instante</span> <span class='ocrx_word' id='word_1_106' title='bbox 370 1835 411 1881; x_wconf 88' lang='lat' dir='ltr'>ca</span> <span class='ocrx_word' id='word_1_107' title='bbox 424 1817 585 1892; x_wconf 71' lang='lat' dir='ltr'>civitate</span> <span class='ocrx_word' id='word_1_108' title='bbox 605 1821 835 1917; x_wconf 81' lang='lat' dir='ltr'>Jerusalem,</span> <span class='ocrx_word' id='word_1_109' title='bbox 857 1828 1003 1902; x_wconf 82' lang='lat' dir='ltr'>dicebat</span> <span class='ocrx_word' id='word_1_110' title='bbox 1032 1833 1146 1906; x_wconf 80' lang='lat' dir='ltr'>isaias</span> <span class='ocrx_word' id='word_1_111' title='bbox 1158 1859 1166 1902; x_wconf 91' lang='lat'><strong>:</strong></span> <span class='ocrx_word' id='word_1_112' title='bbox 1180 1832 1340 1909; x_wconf 87' lang='lat' dir='ltr'>Vocavit</span> <span class='ocrx_word' id='word_1_113' title='bbox 1369 1833 1495 1904; x_wconf 91' lang='lat' dir='ltr'>Domi·</span> <span class='ocrx_word' id='word_1_114' title='bbox 1512 1851 1563 1902; x_wconf 78' lang='grc' dir='ltr'>ιιι.</span> <span class='ocrx_word' id='word_1_115' title='bbox 1581 1859 1626 1898; x_wconf 74' lang='lat' dir='ltr'>sa.</span> 
     </span>
     <span class='ocr_line' id='line_1_14' title="bbox 114 1901 1495 2026; baseline 0.02 -54"><span class='ocrx_word' id='word_1_116' title='bbox 114 1923 194 2006; x_wconf 83' lang='lat' dir='ltr'>nus</span> <span class='ocrx_word' id='word_1_117' title='bbox 221 1923 260 1970; x_wconf 89' lang='lat' dir='ltr'>m</span> <span class='ocrx_word' id='word_1_118' title='bbox 294 1901 355 1974; x_wconf 84' lang='lat' dir='ltr'>dre</span> <span class='ocrx_word' id='word_1_119' title='bbox 384 1907 448 1978; x_wconf 90' lang='lat' dir='ltr'>ila</span> <span class='ocrx_word' id='word_1_120' title='bbox 478 1913 525 1983; x_wconf 89' lang='lat' dir='ltr'>ad</span> <span class='ocrx_word' id='word_1_121' title='bbox 556 1915 688 1990; x_wconf 89' lang='lat' dir='ltr'>fletum</span> <span class='ocrx_word' id='word_1_122' title='bbox 715 1933 754 1992; x_wconf 87' lang='lat' dir='ltr'>et</span> <span class='ocrx_word' id='word_1_123' title='bbox 779 1924 994 2019; x_wconf 87' lang='lat' dir='ltr'>planctum,</span> <span class='ocrx_word' id='word_1_124' title='bbox 1012 1939 1049 2018; x_wconf 85' lang='lat' dir='ltr'>et</span> <span class='ocrx_word' id='word_1_125' title='bbox 1078 1929 1125 1999; x_wconf 88' lang='lat' dir='ltr'>ad</span> <span class='ocrx_word' id='word_1_126' title='bbox 1152 1929 1370 2026; x_wconf 77' lang='lat' dir='ltr'>calvitium,</span> <span class='ocrx_word' id='word_1_127' title='bbox 1386 1940 1424 2001; x_wconf 89' lang='lat' dir='ltr'>et</span> <span class='ocrx_word' id='word_1_128' title='bbox 1446 1926 1495 2000; x_wconf 90' lang='lat' dir='ltr'>ad</span> 
     </span>
     <span class='ocr_line' id='line_1_15' title="bbox 114 1995 1359 2159; baseline 0.034 -96"><span class='ocrx_word' id='word_1_129' title='bbox 114 1995 315 2159; x_wconf 54' lang='lat' dir='ltr'>(scripulum</span> <span class='ocrx_word' id='word_1_130' title='bbox 348 2007 454 2076; x_wconf 86' lang='lat' dir='ltr'>sacci.</span> <span class='ocrx_word' id='word_1_131' title='bbox 1195 2025 1198 2032; x_wconf 70' lang='grc'><strong>’</strong></span> <span class='ocrx_word' id='word_1_132' title='bbox 1356 2059 1359 2068; x_wconf 75' lang='grc'>’</span> 
     </span>
    </p>

    <p class='ocr_par' dir='ltr' id='par_1_8' title="bbox 109 2090 1688 2768">
     <span class='ocr_line' id='line_1_16' title="bbox 203 2090 1648 2211; baseline 0.021 -49"><span class='ocrx_word' id='word_1_133' title='bbox 203 2090 350 2200; x_wconf 83' lang='lat' dir='ltr'>inivitae</span> <span class='ocrx_word' id='word_1_134' title='bbox 390 2101 630 2180; x_wconf 86' lang='lat' dir='ltr'>crediderunt</span> <span class='ocrx_word' id='word_1_135' title='bbox 667 2109 831 2183; x_wconf 90' lang='lat' dir='ltr'>Domino</span> <span class='ocrx_word' id='word_1_136' title='bbox 871 2112 917 2183; x_wconf 88' lang='lat' dir='ltr'>ad</span> <span class='ocrx_word' id='word_1_137' title='bbox 963 2112 1281 2211; x_wconf 21' lang='lat' dir='ltr'>praedicationem,</span> <span class='ocrx_word' id='word_1_138' title='bbox 1306 2117 1595 2209; x_wconf 75' lang='lat' dir='ltr'>Jonae,et10nae·</span> <span class='ocrx_word' id='word_1_139' title='bbox 1620 2133 1648 2186; x_wconf 82' lang='lat'>³·</span> 
     </span>
     <span class='ocr_line' id='line_1_17' title="bbox 115 2185 1495 2308; baseline 0.021 -54"><span class='ocrx_word' id='word_1_140' title='bbox 115 2185 423 2281; x_wconf 66' lang='lat' dir='ltr'>pradicaverunt</span> <span class='ocrx_word' id='word_1_141' title='bbox 460 2199 660 2294; x_wconf 85' lang='lat' dir='ltr'>jejunium.</span> <span class='ocrx_word' id='word_1_142' title='bbox 698 2207 747 2277; x_wconf 90' lang='lat' dir='ltr'>Et</span> <span class='ocrx_word' id='word_1_143' title='bbox 781 2209 910 2281; x_wconf 85' lang='lat' dir='ltr'>vestiti</span> <span class='ocrx_word' id='word_1_144' title='bbox 942 2223 1032 2283; x_wconf 87' lang='lat' dir='ltr'>sunt</span> <span class='ocrx_word' id='word_1_145' title='bbox 1059 2237 1226 2308; x_wconf 85' lang='lat' dir='ltr'>sacco,a</span> <span class='ocrx_word' id='word_1_146' title='bbox 1253 2213 1399 2287; x_wconf 89' lang='lat' dir='ltr'>minore</span> <span class='ocrx_word' id='word_1_147' title='bbox 1433 2235 1495 2284; x_wconf 87' lang='lat' dir='ltr'>us-</span> 
     </span>
     <span class='ocr_line' id='line_1_18' title="bbox 114 2283 1263 2383; baseline 0.028 -33"><span class='ocrx_word' id='word_1_148' title='bbox 114 2306 194 2377; x_wconf 76' lang='lat' dir='ltr'>que</span> <span class='ocrx_word' id='word_1_149' title='bbox 224 2283 271 2354; x_wconf 90' lang='lat' dir='ltr'>ad</span> <span class='ocrx_word' id='word_1_150' title='bbox 304 2290 494 2383; x_wconf 87' lang='lat' dir='ltr'>majorem.</span> <span class='ocrx_word' id='word_1_151' title='bbox 1258 2353 1263 2360; x_wconf 95' lang='lat'><strong>·</strong></span> 
     </span>
     <span class='ocr_line' id='line_1_19' title="bbox 165 2379 1688 2499; baseline 0.013 -50"><span class='ocrx_word' id='word_1_152' title='bbox 165 2379 359 2475; x_wconf 85' lang='lat' dir='ltr'>Appropin</span> <span class='ocrx_word' id='word_1_153' title='bbox 391 2400 503 2462; x_wconf 88' lang='lat' dir='ltr'>uante</span> <span class='ocrx_word' id='word_1_154' title='bbox 537 2395 708 2468; x_wconf 84' lang='lat' dir='ltr'>exercitu</span> <span class='ocrx_word' id='word_1_155' title='bbox 737 2397 950 2492; x_wconf 86' lang='lat' dir='ltr'>Timothei,</span> <span class='ocrx_word' id='word_1_156' title='bbox 966 2401 1224 2496; x_wconf 85' lang='lat' dir='ltr'>Machabaeus,</span> <span class='ocrx_word' id='word_1_157' title='bbox 1248 2415 1288 2475; x_wconf 93' lang='lat' dir='ltr'>et</span> <span class='ocrx_word' id='word_1_158' title='bbox 1313 2402 1381 2499; x_wconf 89' lang='lat' dir='ltr'>qui</span> <span class='ocrx_word' id='word_1_159' title='bbox 1403 2425 1490 2472; x_wconf 91' lang='lat' dir='ltr'>cum</span> <span class='ocrx_word' id='word_1_160' title='bbox 1510 2435 1536 2471; x_wconf 84' lang='lat'>2.</span> <span class='ocrx_word' id='word_1_161' title='bbox 1549 2412 1638 2469; x_wconf 64' lang='lat' dir='ltr'>treet.</span> <span class='ocrx_word' id='word_1_162' title='bbox 1651 2429 1688 2464; x_wconf 74' lang='grc' dir='ltr'>ιο·</span> 
     </span>
     <span class='ocr_line' id='line_1_20' title="bbox 112 2411 1491 2594; baseline 0.02 -53"><span class='ocrx_word' id='word_1_163' title='bbox 112 2471 183 2544; x_wconf 93' lang='lat' dir='ltr'>illo</span> <span class='ocrx_word' id='word_1_164' title='bbox 213 2488 342 2569; x_wconf 88' lang='lat' dir='ltr'>erant,</span> <span class='ocrx_word' id='word_1_165' title='bbox 362 2411 407 2553; x_wconf 77' lang='lat' dir='ltr'>de</span> <span class='ocrx_word' id='word_1_166' title='bbox 435 2488 659 2563; x_wconf 87' lang='lat' dir='ltr'>recabsutur</span> <span class='ocrx_word' id='word_1_167' title='bbox 691 2493 919 2587; x_wconf 89' lang='lat' dir='ltr'>Dominum,</span> <span class='ocrx_word' id='word_1_168' title='bbox 942 2511 1056 2593; x_wconf 78' lang='lat' dir='ltr'>caput</span> <span class='ocrx_word' id='word_1_169' title='bbox 1096 2501 1197 2572; x_wconf 75' lang='lat' dir='ltr'>terra</span> <span class='ocrx_word' id='word_1_170' title='bbox 1234 2509 1491 2594; x_wconf 84' lang='lat' dir='ltr'>aspergentes,</span> 
     </span>
     <span class='ocr_line' id='line_1_21' title="bbox 109 2509 1490 2705; baseline 0.015 -63"><span class='ocrx_word' id='word_1_171' title='bbox 109 2567 342 2680; x_wconf 85' lang='lat' dir='ltr'>lumbosque</span> <span class='ocrx_word' id='word_1_172' title='bbox 371 2509 500 2654; x_wconf 83' lang='lat' dir='ltr'>ciliciis</span> <span class='ocrx_word' id='word_1_173' title='bbox 526 2589 740 2680; x_wconf 84' lang='lat' dir='ltr'>praecincti,</span> <span class='ocrx_word' id='word_1_174' title='bbox 763 2588 811 2661; x_wconf 86' lang='lat' dir='ltr'>ad</span> <span class='ocrx_word' id='word_1_175' title='bbox 845 2588 973 2664; x_wconf 84' lang='lat' dir='ltr'>altaris</span> <span class='ocrx_word' id='word_1_176' title='bbox 1009 2591 1238 2705; x_wconf 86' lang='lat' dir='ltr'>crepidinem</span> <span class='ocrx_word' id='word_1_177' title='bbox 1276 2591 1490 2690; x_wconf 79' lang='lat' dir='ltr'>provoluti,</span> 
     </span>
     <span class='ocr_line' id='line_1_22' title="bbox 110 2675 1639 2768; baseline 0.026 -34"><span class='ocrx_word' id='word_1_178' title='bbox 110 2676 159 2737; x_wconf 90' lang='lat' dir='ltr'>ut</span> <span class='ocrx_word' id='word_1_179' title='bbox 197 2691 252 2737; x_wconf 83' lang='lat' dir='ltr'>ers</span> <span class='ocrx_word' id='word_1_180' title='bbox 286 2693 355 2762; x_wconf 89' lang='lat' dir='ltr'>pro</span> <span class='ocrx_word' id='word_1_181' title='bbox 382 2675 492 2768; x_wconf 90' lang='lat' dir='ltr'>itius,</span> <span class='ocrx_word' id='word_1_182' title='bbox 526 2693 563 2754; x_wconf 87' lang='lat' dir='ltr'>et</span> <span class='ocrx_word' id='word_1_183' title='bbox 598 2683 775 2759; x_wconf 89' lang='lat' dir='ltr'>inimicus</span> <span class='ocrx_word' id='word_1_184' title='bbox 808 2712 940 2760; x_wconf 89' lang='lat' dir='ltr'>eorum</span> <span class='ocrx_word' id='word_1_185' title='bbox 969 2689 1145 2764; x_wconf 86' lang='lat' dir='ltr'>inimrois.</span> <span class='ocrx_word' id='word_1_186' title='bbox 1636 2759 1639 2764; x_wconf 89' lang='grc'>.</span> 
     </span>
    </p>

    <p class='ocr_par' dir='ltr' id='par_1_9' title="bbox 110 2699 1666 3069">
     <span class='ocr_line' id='line_1_23' title="bbox 163 2699 1666 2880; baseline 0.017 -49"><span class='ocrx_word' id='word_1_187' title='bbox 163 2760 331 2837; x_wconf 83' lang='lat' dir='ltr'>Joannes</span> <span class='ocrx_word' id='word_1_188' title='bbox 353 2699 521 2865; x_wconf 69' lang='lat' dir='ltr'>baptista</span> <span class='ocrx_word' id='word_1_189' title='bbox 543 2779 797 2855; x_wconf 88' lang='lat' dir='ltr'>sanctificatus</span> <span class='ocrx_word' id='word_1_190' title='bbox 812 2838 822 2874; x_wconf 92' lang='lat'>,</span> <span class='ocrx_word' id='word_1_191' title='bbox 838 2795 1039 2880; x_wconf 80' lang='lat' dir='ltr'>antequam</span> <span class='ocrx_word' id='word_1_192' title='bbox 1068 2811 1118 2858; x_wconf 81' lang='lat' dir='ltr'>ex</span> <span class='ocrx_word' id='word_1_193' title='bbox 1146 2796 1255 2860; x_wconf 89' lang='lat' dir='ltr'>utero</span> <span class='ocrx_word' id='word_1_194' title='bbox 1275 2785 1406 2859; x_wconf 87' lang='lat' dir='ltr'>matris</span> <span class='ocrx_word' id='word_1_195' title='bbox 1425 2808 1489 2856; x_wconf 92' lang='lat' dir='ltr'>na·</span> <span class='ocrx_word' id='word_1_196' title='bbox 1509 2806 1608 2862; x_wconf 71' lang='lat' dir='ltr'>min.</span> <span class='ocrx_word' id='word_1_197' title='bbox 1630 2821 1666 2858; x_wconf 79' lang='lat' dir='ltr'>u.</span> 
     </span>
     <span class='ocr_line' id='line_1_24' title="bbox 110 2866 1487 2974; baseline 0.016 -43"><span class='ocrx_word' id='word_1_198' title='bbox 110 2867 202 2950; x_wconf 89' lang='lat' dir='ltr'>tus,</span> <span class='ocrx_word' id='word_1_199' title='bbox 222 2883 244 2930; x_wconf 89' lang='lat' dir='ltr'>a</span> <span class='ocrx_word' id='word_1_200' title='bbox 264 2866 402 2937; x_wconf 88' lang='lat' dir='ltr'>sanctis</span> <span class='ocrx_word' id='word_1_201' title='bbox 425 2874 644 2964; x_wconf 88' lang='lat' dir='ltr'>parentibus</span> <span class='ocrx_word' id='word_1_202' title='bbox 665 2876 869 2970; x_wconf 87' lang='lat' dir='ltr'>educatus,</span> <span class='ocrx_word' id='word_1_203' title='bbox 889 2878 988 2974; x_wconf 81' lang='lat' dir='ltr'>fugit</span> <span class='ocrx_word' id='word_1_204' title='bbox 1005 2881 1048 2953; x_wconf 85' lang='lat' dir='ltr'>in</span> <span class='ocrx_word' id='word_1_205' title='bbox 1067 2881 1268 2954; x_wconf 85' lang='lat' dir='ltr'>desertum.</span> <span class='ocrx_word' id='word_1_206' title='bbox 1304 2881 1381 2952; x_wconf 93' lang='lat' dir='ltr'>Ubi</span> <span class='ocrx_word' id='word_1_207' title='bbox 1407 2891 1487 2953; x_wconf 89' lang='lat' dir='ltr'>tam</span> 
     </span>
     <span class='ocr_line' id='line_1_25' title="bbox 112 2963 1487 3069; baseline 0.017 -44"><span class='ocrx_word' id='word_1_208' title='bbox 112 2967 303 3028; x_wconf 86' lang='lat' dir='ltr'>austeram</span> <span class='ocrx_word' id='word_1_209' title='bbox 318 2963 436 3035; x_wconf 87' lang='lat' dir='ltr'>vitam</span> <span class='ocrx_word' id='word_1_210' title='bbox 453 2965 584 3058; x_wconf 86' lang='lat' dir='ltr'>duxit,</span> <span class='ocrx_word' id='word_1_211' title='bbox 596 2971 696 3064; x_wconf 90' lang='lat' dir='ltr'>quod</span> <span class='ocrx_word' id='word_1_212' title='bbox 714 2972 924 3048; x_wconf 77' lang='lat' dir='ltr'>dicebatur:</span> <span class='ocrx_word' id='word_1_213' title='bbox 935 2973 1011 3048; x_wconf 87' lang='lat' dir='ltr'>Nee</span> <span class='ocrx_word' id='word_1_214' title='bbox 1025 2975 1238 3069; x_wconf 86' lang='lat' dir='ltr'>comedens,</span> <span class='ocrx_word' id='word_1_215' title='bbox 1249 2999 1320 3049; x_wconf 90' lang='lat' dir='ltr'>nec</span> <span class='ocrx_word' id='word_1_216' title='bbox 1334 2972 1487 3067; x_wconf 91' lang='lat' dir='ltr'>bibens,</span> 
     </span>
    </p>
   </div>
   <div class='ocr_carea' id='block_1_3' title="bbox 113 3047 1652 3262">
    <p class='ocr_par' dir='ltr' id='par_1_10' title="bbox 113 3047 1652 3262">
     <span class='ocr_line' id='line_1_26' title="bbox 113 3047 1486 3155; baseline 0.018 -36"><span class='ocrx_word' id='word_1_217' title='bbox 113 3047 312 3135; x_wconf 85' lang='lat' dir='ltr'>adde,nec</span> <span class='ocrx_word' id='word_1_218' title='bbox 321 3064 651 3153; x_wconf 86' lang='lat' dir='ltr'>sevestiens,quia</span> <span class='ocrx_word' id='word_1_219' title='bbox 660 3067 962 3155; x_wconf 87' lang='lat' dir='ltr'>pilicamelorum</span> <span class='ocrx_word' id='word_1_220' title='bbox 974 3097 1051 3145; x_wconf 90' lang='lat' dir='ltr'>non</span> <span class='ocrx_word' id='word_1_221' title='bbox 1060 3083 1151 3145; x_wconf 88' lang='lat' dir='ltr'>sunt</span> <span class='ocrx_word' id='word_1_222' title='bbox 1162 3085 1285 3150; x_wconf 85' lang='lat' dir='ltr'>vestes</span> <span class='ocrx_word' id='word_1_223' title='bbox 1297 3071 1486 3144; x_wconf 76' lang='lat' dir='ltr'>humanas.</span> 
     </span>
     <span class='ocr_line' id='line_1_27' title="bbox 167 3140 1652 3262; baseline 0.026 -54"><span class='ocrx_word' id='word_1_224' title='bbox 167 3140 293 3228; x_wconf 90' lang='lat' dir='ltr'>Quam</span> <span class='ocrx_word' id='word_1_225' title='bbox 316 3143 477 3216; x_wconf 88' lang='lat' dir='ltr'>libenter</span> <span class='ocrx_word' id='word_1_226' title='bbox 498 3157 679 3243; x_wconf 84' lang='lat' dir='ltr'>receperit</span> <span class='ocrx_word' id='word_1_227' title='bbox 699 3159 883 3229; x_wconf 87' lang='lat' dir='ltr'>Dominus</span> <span class='ocrx_word' id='word_1_228' title='bbox 907 3175 1118 3256; x_wconf 78' lang='lat' dir='ltr'>peccatores</span> <span class='ocrx_word' id='word_1_229' title='bbox 1137 3165 1184 3234; x_wconf 92' lang='lat' dir='ltr'>ad</span> <span class='ocrx_word' id='word_1_230' title='bbox 1204 3167 1490 3257; x_wconf 83' lang='lat' dir='ltr'>poenitentiam,</span> <span class='ocrx_word' id='word_1_231' title='bbox 1508 3193 1606 3246; x_wconf 69' lang='lat' dir='ltr'>Moab.</span> <span class='ocrx_word' id='word_1_232' title='bbox 1625 3192 1652 3262; x_wconf 75' lang='lat'>4.</span> 
     </span>
    </p>
   </div>
   <div class='ocr_carea' id='block_1_4' title="bbox 109 3234 1629 4668">
    <p class='ocr_par' dir='ltr' id='par_1_11' title="bbox 109 3234 1629 4668">
     <span class='ocr_line' id='line_1_28' title="bbox 114 3234 1491 3352; baseline 0.017 -43"><span class='ocrx_word' id='word_1_233' title='bbox 114 3262 171 3311; x_wconf 79' lang='lat' dir='ltr'>ex</span> <span class='ocrx_word' id='word_1_234' title='bbox 198 3234 260 3346; x_wconf 80' lang='lat' dir='ltr'>his</span> <span class='ocrx_word' id='word_1_235' title='bbox 284 3250 457 3333; x_wconf 82' lang='lat' dir='ltr'>apparet,</span> <span class='ocrx_word' id='word_1_236' title='bbox 473 3243 576 3335; x_wconf 91' lang='lat' dir='ltr'>quod</span> <span class='ocrx_word' id='word_1_237' title='bbox 598 3243 900 3338; x_wconf 68' lang='lat' dir='ltr'>praedicationem</span> <span class='ocrx_word' id='word_1_238' title='bbox 923 3277 1030 3328; x_wconf 85' lang='lat' dir='ltr'>suam</span> <span class='ocrx_word' id='word_1_239' title='bbox 1057 3279 1080 3326; x_wconf 90' lang='lat' dir='ltr'>a</span> <span class='ocrx_word' id='word_1_240' title='bbox 1104 3257 1328 3350; x_wconf 88' lang='lat' dir='ltr'>poenitentia</span> <span class='ocrx_word' id='word_1_241' title='bbox 1353 3257 1491 3352; x_wconf 85' lang='lat' dir='ltr'>legitur</span> 
     </span>
     <span class='ocr_line' id='line_1_29' title="bbox 113 3355 314 3408; baseline -0.02 0"><span class='ocrx_word' id='word_1_242' title='bbox 113 3355 204 3408; x_wconf 83' lang='lat' dir='ltr'>lnce</span> <span class='ocrx_word' id='word_1_243' title='bbox 230 3357 314 3405; x_wconf 78' lang='lat' dir='ltr'>isse.</span> 
     </span>
     <span class='ocr_line' id='line_1_30' title="bbox 167 3357 1492 3541; baseline 0.012 -39"><span class='ocrx_word' id='word_1_244' title='bbox 167 3357 263 3502; x_wconf 65' lang='lat' dir='ltr'>Isim</span> <span class='ocrx_word' id='word_1_245' title='bbox 290 3428 339 3509; x_wconf 88' lang='lat' dir='ltr'>ad</span> <span class='ocrx_word' id='word_1_246' title='bbox 369 3427 443 3502; x_wconf 89' lang='lat' dir='ltr'>hoc</span> <span class='ocrx_word' id='word_1_247' title='bbox 479 3434 610 3507; x_wconf 86' lang='lat' dir='ltr'>asserit</span> <span class='ocrx_word' id='word_1_248' title='bbox 640 3461 679 3508; x_wconf 91' lang='lat' dir='ltr'>se</span> <span class='ocrx_word' id='word_1_249' title='bbox 711 3438 882 3530; x_wconf 87' lang='lat' dir='ltr'>venisse,</span> <span class='ocrx_word' id='word_1_250' title='bbox 901 3443 990 3515; x_wconf 90' lang='lat' dir='ltr'>Luc.</span> <span class='ocrx_word' id='word_1_251' title='bbox 1024 3437 1072 3516; x_wconf 55' lang='lat'>5(</span> <span class='ocrx_word' id='word_1_252' title='bbox 1086 3447 1136 3516; x_wconf 92' lang='lat' dir='ltr'>Et</span> <span class='ocrx_word' id='word_1_253' title='bbox 1164 3443 1238 3516; x_wconf 88' lang='lat' dir='ltr'>hoc</span> <span class='ocrx_word' id='word_1_254' title='bbox 1269 3445 1395 3539; x_wconf 87' lang='lat' dir='ltr'>ipsum</span> <span class='ocrx_word' id='word_1_255' title='bbox 1423 3469 1492 3541; x_wconf 89' lang='lat' dir='ltr'>per</span> 
     </span>
     <span class='ocr_line' id='line_1_31' title="bbox 112 3520 1490 3636; baseline 0.012 -41"><span class='ocrx_word' id='word_1_256' title='bbox 112 3549 234 3622; x_wconf 87' lang='lat' dir='ltr'>opera</span> <span class='ocrx_word' id='word_1_257' title='bbox 267 3520 570 3622; x_wconf 80' lang='lat' dir='ltr'>demonstrabat,</span> <span class='ocrx_word' id='word_1_258' title='bbox 591 3533 765 3628; x_wconf 86' lang='lat' dir='ltr'>exemplo</span> <span class='ocrx_word' id='word_1_259' title='bbox 784 3533 830 3604; x_wconf 89' lang='lat' dir='ltr'>de</span> <span class='ocrx_word' id='word_1_260' title='bbox 853 3537 990 3630; x_wconf 86' lang='lat' dir='ltr'>Maria,</span> <span class='ocrx_word' id='word_1_261' title='bbox 1007 3541 1096 3609; x_wconf 88' lang='lat' dir='ltr'>Luc.</span> <span class='ocrx_word' id='word_1_262' title='bbox 1120 3563 1154 3634; x_wconf 89' lang='lat'>7.</span> <span class='ocrx_word' id='word_1_263' title='bbox 1177 3550 1215 3611; x_wconf 86' lang='lat' dir='ltr'>et</span> <span class='ocrx_word' id='word_1_264' title='bbox 1238 3539 1371 3610; x_wconf 86' lang='lat' dir='ltr'>Matth.</span> <span class='ocrx_word' id='word_1_265' title='bbox 1394 3544 1490 3636; x_wconf 87' lang='lat' dir='ltr'>ejus·</span> 
     </span>
     <span class='ocr_line' id='line_1_32' title="bbox 112 3623 1487 3728; baseline 0.007 -33"><span class='ocrx_word' id='word_1_266' title='bbox 112 3623 204 3695; x_wconf 83' lang='lat' dir='ltr'>dent</span> <span class='ocrx_word' id='word_1_267' title='bbox 237 3645 314 3716; x_wconf 88' lang='lat' dir='ltr'>cap.</span> <span class='ocrx_word' id='word_1_268' title='bbox 347 3647 382 3720; x_wconf 88' lang='lat'>9.</span> <span class='ocrx_word' id='word_1_269' title='bbox 417 3625 472 3695; x_wconf 92' lang='lat' dir='ltr'>De</span> <span class='ocrx_word' id='word_1_270' title='bbox 505 3623 681 3720; x_wconf 83' lang='lat' dir='ltr'>Zachaeo,</span> <span class='ocrx_word' id='word_1_271' title='bbox 698 3629 787 3701; x_wconf 88' lang='lat' dir='ltr'>Luc.</span> <span class='ocrx_word' id='word_1_272' title='bbox 833 3656 885 3728; x_wconf 89' lang='lat'>¹9·</span> <span class='ocrx_word' id='word_1_273' title='bbox 923 3644 961 3704; x_wconf 90' lang='lat' dir='ltr'>et</span> <span class='ocrx_word' id='word_1_274' title='bbox 992 3635 1039 3705; x_wconf 91' lang='lat' dir='ltr'>de</span> <span class='ocrx_word' id='word_1_275' title='bbox 1075 3633 1206 3726; x_wconf 85' lang='lat' dir='ltr'>Petro,</span> <span class='ocrx_word' id='word_1_276' title='bbox 1226 3632 1394 3706; x_wconf 73' lang='lat' dir='ltr'>Maiotai</span> <span class='ocrx_word' id='word_1_277' title='bbox 1429 3632 1487 3705; x_wconf 82' lang='lat'>26.</span> 
     </span>
     <span class='ocr_line' id='line_1_33' title="bbox 167 3719 1629 3827; baseline 0.012 -40"><span class='ocrx_word' id='word_1_278' title='bbox 167 3719 263 3790; x_wconf 88' lang='lat' dir='ltr'>Item</span> <span class='ocrx_word' id='word_1_279' title='bbox 290 3733 327 3792; x_wconf 89' lang='lat' dir='ltr'>et</span> <span class='ocrx_word' id='word_1_280' title='bbox 349 3743 417 3815; x_wconf 89' lang='lat' dir='ltr'>per</span> <span class='ocrx_word' id='word_1_281' title='bbox 438 3721 725 3818; x_wconf 88' lang='lat' dir='ltr'>similitudines,</span> <span class='ocrx_word' id='word_1_282' title='bbox 741 3751 835 3821; x_wconf 88' lang='lat' dir='ltr'>quas</span> <span class='ocrx_word' id='word_1_283' title='bbox 857 3729 1017 3822; x_wconf 87' lang='lat' dir='ltr'>ponebat</span> <span class='ocrx_word' id='word_1_284' title='bbox 1040 3729 1086 3802; x_wconf 89' lang='lat' dir='ltr'>de</span> <span class='ocrx_word' id='word_1_285' title='bbox 1102 3753 1195 3822; x_wconf 89' lang='lat' dir='ltr'>ove,</span> <span class='ocrx_word' id='word_1_286' title='bbox 1213 3753 1298 3825; x_wconf 87' lang='lat' dir='ltr'>quae</span> <span class='ocrx_word' id='word_1_287' title='bbox 1319 3730 1430 3825; x_wconf 88' lang='lat' dir='ltr'>periit</span> <span class='ocrx_word' id='word_1_288' title='bbox 1445 3735 1486 3803; x_wconf 92' lang='lat' dir='ltr'>in</span> <span class='ocrx_word' id='word_1_289' title='bbox 1505 3768 1569 3823; x_wconf 67' lang='lat' dir='ltr'>Luc.</span> <span class='ocrx_word' id='word_1_290' title='bbox 1590 3771 1629 3827; x_wconf 58' lang='grc'>,5,</span> 
     </span>
     <span class='ocr_line' id='line_1_34' title="bbox 112 3813 1487 3921; baseline 0.009 -33"><span class='ocrx_word' id='word_1_291' title='bbox 112 3813 275 3888; x_wconf 86' lang='lat' dir='ltr'>deserto.</span> <span class='ocrx_word' id='word_1_292' title='bbox 306 3816 361 3887; x_wconf 89' lang='lat' dir='ltr'>De</span> <span class='ocrx_word' id='word_1_293' title='bbox 387 3813 583 3912; x_wconf 87' lang='lat' dir='ltr'>drachma,</span> <span class='ocrx_word' id='word_1_294' title='bbox 600 3845 712 3916; x_wconf 91' lang='lat' dir='ltr'>quam</span> <span class='ocrx_word' id='word_1_295' title='bbox 743 3822 880 3898; x_wconf 88' lang='lat' dir='ltr'>mulier</span> <span class='ocrx_word' id='word_1_296' title='bbox 906 3825 1068 3921; x_wconf 89' lang='lat' dir='ltr'>perdidit</span> <span class='ocrx_word' id='word_1_297' title='bbox 1096 3828 1136 3899; x_wconf 92' lang='lat' dir='ltr'>in</span> <span class='ocrx_word' id='word_1_298' title='bbox 1169 3825 1290 3898; x_wconf 84' lang='lat' dir='ltr'>donrc.</span> <span class='ocrx_word' id='word_1_299' title='bbox 1326 3827 1380 3897; x_wconf 91' lang='lat' dir='ltr'>De</span> <span class='ocrx_word' id='word_1_300' title='bbox 1407 3826 1487 3900; x_wconf 85' lang='lat' dir='ltr'>filio</span> 
     </span>
     <span class='ocr_line' id='line_1_35' title="bbox 110 3909 1483 4022; baseline 0.01 -41"><span class='ocrx_word' id='word_1_301' title='bbox 110 3909 294 4009; x_wconf 86' lang='lat' dir='ltr'>prodige,</span> <span class='ocrx_word' id='word_1_302' title='bbox 310 3937 424 4006; x_wconf 88' lang='lat' dir='ltr'>quem</span> <span class='ocrx_word' id='word_1_303' title='bbox 476 3925 556 3985; x_wconf 86' lang='lat' dir='ltr'>ater</span> <span class='ocrx_word' id='word_1_304' title='bbox 581 3918 777 4012; x_wconf 87' lang='lat' dir='ltr'>reputabat</span> <span class='ocrx_word' id='word_1_305' title='bbox 804 3933 1020 4015; x_wconf 88' lang='lat' dir='ltr'>mortuum,</span> <span class='ocrx_word' id='word_1_306' title='bbox 1037 3935 1074 3994; x_wconf 90' lang='lat' dir='ltr'>et</span> <span class='ocrx_word' id='word_1_307' title='bbox 1096 3935 1224 4018; x_wconf 88' lang='lat' dir='ltr'>postea</span> <span class='ocrx_word' id='word_1_308' title='bbox 1252 3923 1483 4022; x_wconf 83' lang='lat' dir='ltr'>suscitatum.</span> 
     </span>
     <span class='ocr_line' id='line_1_36' title="bbox 168 3941 1615 4132; baseline 0.012 -57"><span class='ocrx_word' id='word_1_309' title='bbox 168 4007 285 4078; x_wconf 87' lang='lat' dir='ltr'>Maria</span> <span class='ocrx_word' id='word_1_310' title='bbox 319 3941 535 4106; x_wconf 76' lang='lat' dir='ltr'>Magdalena</span> <span class='ocrx_word' id='word_1_311' title='bbox 564 4014 757 4109; x_wconf 84' lang='lat' dir='ltr'>exernplar</span> <span class='ocrx_word' id='word_1_312' title='bbox 784 4017 1034 4118; x_wconf 85' lang='lat' dir='ltr'>poenitentiae,</span> <span class='ocrx_word' id='word_1_313' title='bbox 1052 4043 1129 4092; x_wconf 92' lang='lat' dir='ltr'>non</span> <span class='ocrx_word' id='word_1_314' title='bbox 1154 4021 1258 4114; x_wconf 91' lang='lat' dir='ltr'>jussa</span> <span class='ocrx_word' id='word_1_315' title='bbox 1287 4018 1333 4089; x_wconf 90' lang='lat' dir='ltr'>ad</span> <span class='ocrx_word' id='word_1_316' title='bbox 1362 4020 1485 4130; x_wconf 44' lang='lat' dir='ltr'>Domi:</span> <span class='ocrx_word' id='word_1_317' title='bbox 1503 4056 1566 4112; x_wconf 79' lang='lat' dir='ltr'>Luc.</span> <span class='ocrx_word' id='word_1_318' title='bbox 1583 4076 1615 4132; x_wconf 53' lang='grc'>,7,</span> 
     </span>
     <span class='ocr_line' id='line_1_37' title="bbox 112 4103 1484 4211; baseline 0.01 -35"><span class='ocrx_word' id='word_1_319' title='bbox 112 4113 214 4176; x_wconf 79' lang='lat' dir='ltr'>nuni</span> <span class='ocrx_word' id='word_1_320' title='bbox 233 4103 364 4195; x_wconf 87' lang='lat' dir='ltr'>venit,</span> <span class='ocrx_word' id='word_1_321' title='bbox 384 4107 630 4180; x_wconf 86' lang='lat' dir='ltr'>convivantes</span> <span class='ocrx_word' id='word_1_322' title='bbox 651 4135 729 4182; x_wconf 90' lang='lat' dir='ltr'>non</span> <span class='ocrx_word' id='word_1_323' title='bbox 753 4113 1167 4203; x_wconf 84' lang='lat' dir='ltr'>e1·nbuit,retrosecus</span> <span class='ocrx_word' id='word_1_324' title='bbox 1192 4115 1304 4211; x_wconf 86' lang='lat' dir='ltr'>pedes</span> <span class='ocrx_word' id='word_1_325' title='bbox 1330 4116 1484 4190; x_wconf 83' lang='lat' dir='ltr'>Dommt</span> 
     </span>
     <span class='ocr_line' id='line_1_38' title="bbox 112 4199 927 4301; baseline 0.01 -29"><span class='ocrx_word' id='word_1_326' title='bbox 112 4199 245 4287; x_wconf 73' lang='lat' dir='ltr'>stetit,</span> <span class='ocrx_word' id='word_1_327' title='bbox 265 4199 365 4272; x_wconf 90' lang='lat' dir='ltr'>inter</span> <span class='ocrx_word' id='word_1_328' title='bbox 396 4199 524 4297; x_wconf 85' lang='lat' dir='ltr'>epulas</span> <span class='ocrx_word' id='word_1_329' title='bbox 557 4201 744 4301; x_wconf 86' lang='lat' dir='ltr'>lacrymas</span> <span class='ocrx_word' id='word_1_330' title='bbox 778 4209 927 4282; x_wconf 90' lang='lat' dir='ltr'>obtulit.</span> 
     </span>
     <span class='ocr_line' id='line_1_39' title="bbox 137 4292 1618 4402; baseline 0.011 -37"><span class='ocrx_word' id='word_1_331' title='bbox 137 4336 140 4346; x_wconf 71' lang='grc'>·</span> <span class='ocrx_word' id='word_1_332' title='bbox 167 4293 224 4366; x_wconf 90' lang='lat' dir='ltr'>Ut</span> <span class='ocrx_word' id='word_1_333' title='bbox 239 4292 433 4368; x_wconf 89' lang='lat' dir='ltr'>induceret</span> <span class='ocrx_word' id='word_1_334' title='bbox 447 4295 618 4370; x_wconf 85' lang='lat' dir='ltr'>homines</span> <span class='ocrx_word' id='word_1_335' title='bbox 634 4297 679 4370; x_wconf 88' lang='lat' dir='ltr'>ad</span> <span class='ocrx_word' id='word_1_336' title='bbox 695 4298 908 4376; x_wconf 81' lang='lat' dir='ltr'>faciendum</span> <span class='ocrx_word' id='word_1_337' title='bbox 928 4307 1185 4400; x_wconf 87' lang='lat' dir='ltr'>poenitentiam</span> <span class='ocrx_word' id='word_1_338' title='bbox 1196 4362 1206 4399; x_wconf 90' lang='lat'>,</span> <span class='ocrx_word' id='word_1_339' title='bbox 1217 4306 1342 4402; x_wconf 88' lang='lat' dir='ltr'>posuit</span> <span class='ocrx_word' id='word_1_340' title='bbox 1358 4333 1483 4380; x_wconf 84' lang='lat' dir='ltr'>exem—</span> <span class='ocrx_word' id='word_1_341' title='bbox 1502 4339 1566 4395; x_wconf 49' lang='grc' dir='ltr'>ιη,</span> <span class='ocrx_word' id='word_1_342' title='bbox 1581 4342 1618 4396; x_wconf 79' lang='lat'>,3,</span> 
     </span>
     <span class='ocr_line' id='line_1_40' title="bbox 110 4387 1483 4496; baseline 0.012 -36"><span class='ocrx_word' id='word_1_343' title='bbox 110 4387 222 4484; x_wconf 92' lang='lat' dir='ltr'>plnm</span> <span class='ocrx_word' id='word_1_344' title='bbox 246 4389 292 4461; x_wconf 92' lang='lat' dir='ltr'>de</span> <span class='ocrx_word' id='word_1_345' title='bbox 314 4390 561 4486; x_wconf 89' lang='lat' dir='ltr'>quibusdam,</span> <span class='ocrx_word' id='word_1_346' title='bbox 578 4419 690 4488; x_wconf 86' lang='lat' dir='ltr'>super</span> <span class='ocrx_word' id='word_1_347' title='bbox 709 4423 802 4490; x_wconf 89' lang='lat' dir='ltr'>quos</span> <span class='ocrx_word' id='word_1_348' title='bbox 822 4397 956 4473; x_wconf 85' lang='lat' dir='ltr'>cecidit</span> <span class='ocrx_word' id='word_1_349' title='bbox 974 4404 1091 4475; x_wconf 87' lang='lat' dir='ltr'>turris</span> <span class='ocrx_word' id='word_1_350' title='bbox 1113 4407 1153 4474; x_wconf 90' lang='lat' dir='ltr'>in</span> <span class='ocrx_word' id='word_1_351' title='bbox 1170 4403 1333 4496; x_wconf 63' lang='lat' dir='ltr'>Siloam</span> <span class='ocrx_word' id='word_1_352' title='bbox 1347 4403 1483 4476; x_wconf 92' lang='lat' dir='ltr'>occidit</span> 
     </span>
     <span class='ocr_line' id='line_1_41' title="bbox 109 4485 1480 4668; baseline 0.009 -110"><span class='ocrx_word' id='word_1_353' title='bbox 109 4509 189 4558; x_wconf 86' lang='lat' dir='ltr'>eos.</span> <span class='ocrx_word' id='word_1_354' title='bbox 218 4487 269 4560; x_wconf 89' lang='lat' dir='ltr'>Et</span> <span class='ocrx_word' id='word_1_355' title='bbox 302 4485 458 4562; x_wconf 88' lang='lat' dir='ltr'>subdit:</span> <span class='ocrx_word' id='word_1_356' title='bbox 480 4487 518 4562; x_wconf 92' lang='lat' dir='ltr'>Si</span> <span class='ocrx_word' id='word_1_357' title='bbox 551 4513 630 4563; x_wconf 92' lang='lat' dir='ltr'>non</span> <span class='ocrx_word' id='word_1_358' title='bbox 659 4493 922 4588; x_wconf 79' lang='lat' dir='ltr'>poenitentiam</span> <span class='ocrx_word' id='word_1_359' title='bbox 953 4501 1124 4668; x_wconf 41' lang='lat' dir='ltr'>‘berilli’</span> <span class='ocrx_word' id='word_1_360' title='bbox 1142 4524 1272 4574; x_wconf 89' lang='lat' dir='ltr'>onmes</span> <span class='ocrx_word' id='word_1_361' title='bbox 1300 4499 1480 4598; x_wconf 79' lang='lat' dir='ltr'>peribitis.</span> 
     </span>
     <span class='ocr_line' id='line_1_42' title="bbox 1097 4619 1112 4668; baseline 0 0"><span class='ocrx_word' id='word_1_362' title='bbox 1097 4619 1112 4668; x_wconf 84' lang='lat' dir='ltr'>r</span> 
     </span>
    </p>
   </div>
   <div class='ocr_carea' id='block_1_5' title="bbox 0 0 2236 5464">
    <p class='ocr_par' dir='ltr' id='par_1_12' title="bbox 0 0 2236 5464">
     <span class='ocr_line' id='line_1_43' title="bbox 0 0 2236 5464; baseline 0 0"><span class='ocrx_word' id='word_1_363' title='bbox 0 0 2236 5464; x_wconf 95' lang='lat' dir='ltr'> </span> 
     </span>
    </p>
   </div>
  </div>
 </body>
</html>
