4310 5472
714 395 798 500 104
907 389 1172 480 TITULUS
1216 387 1350 478 LVII.
1384 385 1570 472 Furtum
1608 381 1885 506 sacrilegum.

741 619 816 692 lius
830 643 943 715 quam
957 620 1012 712 40.
1026 619 1049 691 J
1051 618 1162 709 udaei,
1181 618 1248 713 qui
1259 625 1466 703 voverunt,
1483 638 1521 686 se
1531 639 1609 687 non
1617 625 1829 712 gustaturos
1841 614 2085 714 quidquam,

717 647 837 787 §onec
851 713 1059 788 occiderent
1080 715 1264 808 Paulum,
1283 710 1384 784 unde
1405 710 1596 803 volebant,
1621 721 1665 784 ut
1691 713 1970 806 produceretur
1991 715 2080 789 Pau-

721 809 782 884 lus
796 811 850 884 ‘in
866 809 1048 907 medium,
1060 823 1123 904 ut,
1142 836 1186 882 eo
1196 812 1297 904 viso,
1313 807 1438 881 statim
1456 828 1544 879 cum
1562 807 1707 904 impetu
1720 807 1936 883 occiderent
1956 831 2059 886 eum.
2122 841 2123 902 ᾗ

1090 973 1487 1193 mruairs
1535 1102 1693 1234 uvir.

1159 1277 1337 1365 Furtum
1380 1277 1639 1388 sacrilegam.

525 1495 551 1562 4.
564 1497 627 1564 aeg.
644 1506 684 1544 ια.
719 1419 820 1558 Joas
845 1484 945 1574 Rex,
971 1480 1039 1590 qui
1067 1479 1262 1556 thesauros
1291 1478 1421 1575 templi
1450 1480 1588 1553 temere
1620 1478 1877 1576 surripuerat,
1907 1481 1932 1556 b
1958 1491 2068 1564 servis

620 1611 627 1622 ·
721 1583 798 1656 suis
831 1577 1067 1650 interficitur.

525 1683 595 1733 nan.
614 1679 640 1732 5·
783 1672 978 1746 Balthasar
1013 1667 1388 1742 Nabuchodonosoris
1417 1693 1623 1766 pronepos,
1654 1672 1743 1767 quia
1778 1671 1884 1746 vasis
1917 1677 2061 1748 saeuae

721 1768 861 1864 templo
887 1764 1201 1862 Jerosolymitano
1229 1766 1384 1857 ablatis,
1411 1789 1497 1836 cum
1527 1767 1758 1864 principibus
1787 1779 1824 1838 et
1852 1771 2056 1843 concubinis

723 1863 968 1953 abutebatur,
989 1886 1011 1931 a
1028 1863 1107 1940 ileo
1127 1863 1348 1956 corripitur,
1381 1873 1417 1933 et
1437 1873 1565 1954 postea
1592 1863 1785 1936 occiditur.

530 1986 554 2022 ι·
566 1966 663 2032 ,Μιὼ
678 1965 704 2016 6·
772 1957 981 2032 Antiochus
998 1957 1046 2028 ob
1062 1955 1259 2048 spoliatum
1280 1968 1317 2028 et
1332 1957 1571 2053 profanatum
1592 1959 1775 2054 templum
1791 1959 2066 2060 Jerosolymita-

722 2082 832 2147 num,
850 2053 965 2128 variis
986 2049 1093 2123 malis
1110 2075 1158 2122 ac
1170 2053 1362 2126 doloribus
1378 2078 1592 2148 oppressus,
1611 2055 1819 2126 miserrimis
1830 2071 1959 2129 morte
1975 2063 2060 2154 perit.

528 2171 554 2208 ²·
575 2154 662 2208 uach.
678 2153 704 2208 5·
771 2148 1025 2224 Heliodorusa
1044 2147 1196 2220 Seleuco
1219 2151 1314 2246 Rege
1331 2150 1428 2221 Asiae
1445 2149 1581 2222 missus
1600 2149 1646 2220 ad
1661 2148 1856 2246 rapiendos
1876 2150 2062 2226 thesauros

723 2248 869 2344 templi,
885 2243 1137 2334 sacerdotibus
1148 2245 1268 2316 Deum
1280 2243 1562 2336 invocantibus,
1577 2244 1624 2314 ab
1643 2244 1782 2341 angelis
1798 2243 2020 2341 flagellatur,
2035 2263 2067 2322 et

430 2426 432 2432 ,
722 2343 877 2418 nonnisi
896 2341 943 2414 ad
966 2339 1073 2412 Oniae
1088 2342 1228 2412 summi
1248 2339 1448 2414 sacerdotis
1473 2365 1599 2436 preces
1630 2341 1821 2414 liberatur.

533 2476 557 2514 ι.
572 2459 659 2512 itaet.
679 2477 704 2528 7·
770 2437 1037 2534 Lysimachus,
1055 2433 1186 2508 multis
1210 2437 1417 2508 commissis
1433 2434 1476 2504 in
1493 2435 1631 2532 templo
1649 2436 1845 2531 sacrilegiis
1857 2449 1892 2508 et
1903 2439 2060 2533 rapinis,

725 2546 812 2606 ante
839 2536 1013 2602 aerarium
1039 2527 1275 2599 interficitur.

524 2651 657 2702 somna
671 2647 697 2698 6.
775 2625 891 2696 ludas
919 2621 970 2694 eir
995 2618 1126 2690 aerario
1152 2621 1362 2716 Apostolico
1392 2621 1488 2698 clam
1508 2625 1685 2724 pecunias
1712 2628 1892 2726 surripit,
1913 2629 1979 2704 sed
2003 2631 2063 2704 hor

727 2717 875 2791 furtum
900 2715 976 2790 luit
996 2713 1099 2810 origo
1126 2713 1208 2810 ejus
1232 2716 1417 2792 interitus.

1379 2895 1424 2964 G.

1380 3047 1417 3120 tlt

1126 3187 1432 3276 TITULUS
1479 3193 1654 3280 LVIII.

1047 3371 1263 3462 'Gaudium
1304 3377 1458 3460 bonum
1488 3401 1528 3465 et
1568 3380 1737 3465 malum.

531 3569 640 3636 *1³⁶8-
663 3581 689 3618 ²·
726 3507 879 3670 Quale
901 3563 1077 3662 gaudium
1099 3566 1273 3642 babuerit
1296 3567 1407 3639 Anna
1428 3579 1546 3642 mater
1565 3569 1760 3661 Samuelis,
1775 3569 1922 3646 indicat
1945 3573 1991 3646 in
2010 3593 2068 3642 suo
2122 3625 2123 3666 ,

724 3662 888 3748 cantico:
913 3661 1100 3736 exultavit
1128 3689 1193 3738 cor
1215 3689 1343 3736 meum
1364 3666 1406 3736 in
1427 3665 1599 3738 Domino.
1627 3671 1737 3738 Item:
1770 3665 1899 3740 laetata
1926 3669 2069 3744 eumin
2122 3679 2123 3764 j

725 3757 879 3832 salutari
903 3767 982 3828 tuo.
2122 3791 2123 3796 ¹

531 3889 558 3930 2.
576 3873 641 3938 aeg.
663 3870 691 3920 o.
772 3851 1011 3924 Bethsamitae
1036 3855 1154 3946 gavisi
1181 3867 1287 3946 sunt,
1304 3852 1404 3950 quod
1426 3855 1616 3948 potuerint
1634 3855 1762 3930 videre
1778 3881 1908 3932 arcam
1930 3856 2074 3936 Domini
2122 3903 2123 3906 =

723 3951 767 4021 in
788 3960 904 4018 serras
934 3973 1018 4019 suas
1049 3949 1322 4022 adventantem.
1349 3949 1420 4022 Sed
1442 3964 1635 4046 propterea
1659 3953 1826 4048 percussi
1849 3971 1952 4032 sunt
1980 3953 2074 4055 plagi
2122 3999 2123 4036 t

723 4047 859 4136 niagnit
886 4067 910 4112 a
934 4041 1104 4114 Domino.
1170 4092 1172 4096 .

530 4153 557 4209 s
575 4153 639 4221 aeg.
659 4167 682 4203 ι.
775 4144 948 4231 Magnum
962 4134 1034 4208 fuit
1046 4136 1222 4232 gaudium
1234 4141 1386 4212 Adoniae
1396 4139 1463 4212 filii
1477 4140 1615 4235 David,
1636 4141 1726 4216 dum
1745 4164 1975 4224 senescente
1986 4160 2070 4248 patu

728 4234 886 4332 seipsum
907 4257 1027 4326 regem
1050 4257 1295 4312 successorem
1317 4236 1530 4334 constituit,
1546 4247 1584 4308 et
1605 4236 1795 4332 splendida
1813 4247 2005 4322 convivia
2024 4244 2073 4314 in-

725 4333 859 4408 stituit.
879 4329 948 4402 Sed
962 4328 1035 4402 hoc
1046 4329 1228 4426 gaudimu
1242 4332 1349 4412 brevi
1365 4332 1536 4430 evanuit,
1556 4356 1643 4409 cum
1660 4334 1804 4413 audivit
1820 4337 1864 4412 in
1878 4339 2086 4424 convivio,

1984 4435 2083 4511 Salo-
