4464 5464
618 555 621 564 1
690 441 774 558 abl
845 433 1112 534 'II'I'ULUS
1146 435 1343 554 CXXIV.
1385 429 1602 527 Patientia
1633 439 1680 522 in
1715 427 1915 524 aduersid.

574 663 575 668 ¹
688 674 906 749 humanitas
922 699 1076 770 passura
1097 673 1191 748 fuit:
1206 671 1412 770 specialiter
1433 679 1560 744 tamen
1582 680 1620 741 et
1642 669 1821 741 continue
1836 667 1997 748 duravit
2017 673 2081 750 ab

551 784 553 790 ’
689 769 754 844 illa
787 769 881 844 hora
913 783 998 867 post
1032 795 1196 865 coenam,
1211 794 1333 866 usque
1366 767 1412 840 ed
1448 777 1565 840 sextae
1602 763 1708 837 ferio
1739 763 1875 838 horam
1906 791 2078 846 nonam..

737 867 833 940 Item
852 879 890 942 et
913 893 963 940 ex
988 869 1167 964 qualitate
1192 866 1471 954 membrorum,
1492 865 1534 934 in
1563 861 1702 958 quibus
1750 883 1857 934 asans
1884 861 1980 958 snit,
2004 868 2075 944 vi*

689 959 823 1040 delicet
849 963 893 1036 in
925 962 1082 1060 pedibus
1108 974 1146 1036 et
1175 961 1374 1053 manibuS,
1391 983 1477 1056 quae
1503 969 1594 1032 sunt
1622 887 1790 1032 membra
1816 977 1998 1059 nervosa,
2026 976 2069 1038 et

688 1056 829 1131 doloris
858 1060 1025 1132 maxime
1050 1084 1158 1154 perce
1185 1060 1277 1133 tiva.
1517 1079 1520 1082 ·
1676 1089 1678 1094 ,

738 1153 893 1249 Signum
912 1165 1060 1248 autem,
1079 1181 1132 1252 qu
1205 1153 1329 1252 passio
1350 1148 1503 1224 Domini
1522 1147 1759 1223 acerbissima
1779 1161 1819 1222 et
1839 1155 2060 1248 gravisdms

689 1246 824 1343 fuerit,
835 1275 886 1323 ex
896 1250 969 1324 hoc
984 1253 1171 1347 praecipue
1189 1261 1312 1348 potest
1326 1246 1477 1337 baberi,
1488 1245 1588 1343 quod
1600 1255 1777 1318 narrante
1788 1247 1892 1320 Luca
1905 1303 1916 1342 ,
1927 1251 1971 1324 in
1981 1277 2068 1326 ora-

689 1346 793 1419 tione
821 1359 906 1444 post
935 1371 1081 1420 coenam
1108 1371 1158 1419 ex
1179 1342 1396 1421 vehementi
1422 1341 1689 1439 imaginatione
1709 1339 1851 1415 suturae
1875 1349 2069 1443 angustias

689 1438 811 1514 factus
833 1453 890 1516 est
908 1442 1024 1516 sudor
1038 1445 1140 1539 ejus,
1157 1443 1254 1516 sicut
1269 1451 1384 1538 guttae
1397 1439 1594 1535 ¹sanguinis
1610 1436 1843 1512 documentis
1855 1439 1894 1512 in
1906 1453 2079 1522 terram=

737 1538 905 1611 Eandem
921 1563 1013 1614 vern
1034 1539 1260 1612 dominicam
1280 1536 1489 1635 passionem
1505 1533 1627 1608 reddit
1651 1534 1959 1610 inestimabiliter.
1969 1565 2069 1635 gra-a

689 1631 846 1726 tiosam,
868 1633 970 1732 quod
1003 1633 1051 1707 ad
1082 1631 1186 1708 illam
1213 1646 1344 1730 sponte
1374 1657 1412 1704 se
1432 1631 1570 1705 obtulit
1590 1655 1597 1700 :
1619 1630 1789 1724 Surgite,
1808 1631 1925 1706 aiebat
1939 1689 1950 1725 ,
1964 1659 2066 1718 ecce.

669 1729 986 1827 appropinquat,
1002 1731 1070 1826 qui
1091 1755 1153 1802 me
1178 1728 1310 1802 tradet.
1348 1729 1398 1800 Et
1429 1722 1529 1824 apud
1560 1726 1668 1798 Joan.
1707 1729 1761 1799 1&
1786 1727 1867 1826 luit
1895 1729 2049 1805 obuiam

689 1824 876 1898 ministris
910 1824 1167 1921 querentibus
1205 1823 1335 1898 Jesnm
1371 1820 1619 1896 Nazarenum.
1655 1823 1704 1896 Et
1741 1846 1829 1898 cum
1861 1823 2058 1902 audissent

689 1917 900 1994 Dominum
934 1919 1120 1994 dicentem
1133 1946 1140 1990 :
1153 1923 1232 2017 Ego
1261 1945 1369 2012 sum,
1391 1917 1607 1992 ceciderunt
1630 1917 1673 1991 in
1698 1930 1848 1996 terram.
1881 1973 1888 1980 -

615 2053 622 2071 ·
739 2015 835 2089 Item
848 2016 1421 2113 captua,vinetus,ignominiose
1436 2013 1833 2107 ductus,1nendaciter
1845 2031 2063 2120 accusatus,

691 2109 960 2208 colaphizatus,
968 2110 1267 2210 sputisillinitus,
1276 2109 1429 2209 flagellis
1441 2111 1706 2206 caesras,spinis
1717 2109 1897 2190 derisorie
1909 2142 2060 2196 corona·

689 2207 934 2303 tus,nullum
943 2211 1104 2285 verbum
1118 2219 1185 2282 aut
1196 2208 1345 2305 siguum
1354 2206 1598 2303 impatientiae
1611 2205 1678 2280 seb
1689 2206 1918 2289 turbationis
1939 2229 2061 2292 osten·

690 2301 758 2377 dit.
778 2305 961 2396 Quinimo
973 2303 1174 2402 multiplex
1188 2302 1413 2379 beneficium
1430 2301 1521 2394 illis,
1535 2326 1557 2374 a
1572 2302 1713 2399 quibus
1728 2305 1783 2378 ita
1797 2312 2056 2408 premebatur,

690 2400 856 2476 ostendit
869 2428 877 2472 :
890 2399 986 2476 Nam
1005 2426 1134 2475 aurem
1151 2412 1381 2499 amputatam
1403 2423 1512 2474 servo
1528 2397 1913 2498 sacerdotissanavit,
1933 2407 2058 2482 multa

688 2497 805 2594 pinet
823 2497 932 2574 utilio
949 2499 1066 2574 verba
1080 2497 1155 2571 illis
1173 2497 1292 2589 dixit,
1305 2508 1343 2569 et
1361 2521 1429 2592 pro
1449 2493 1736 2571 crucifixoribus
1761 2499 1840 2574 suis
1855 2501 2059 2580 clementer

688 2595 829 2687 orauit,
847 2595 997 2668 Patrem
1013 2619 1125 2668 suum
1144 2591 1307 2668 dulciter
1317 2593 1521 2683 invocans,
1538 2603 1577 2664 et
1588 2615 1653 2666 cos
1669 2593 1753 2669 beni
1844 2623 2033 2676 excusans
2044 2628 2062 2673 :·

688 2687 801 2762 Pater
825 2691 970 2786 inquit,
986 2689 1132 2764 dimitte
1156 2688 1256 2783 illis;
1275 2713 1355 2762 non
1380 2689 1485 2762 enim
1515 2689 1662 2782 scium,
1677 2691 1740 2787 qui
1794 2690 1952 2768 iaciunt.

738 2785 911 2884 Denique
940 2785 1027 2858 haec
1049 2786 1177 2860 omnia
1205 2809 1337 2882 passus
1366 2795 1533 2876 eumen
1559 2797 1706 2882 propter
1729 2811 1784 2876 se,
1799 2786 1864 2858 sed
1891 2802 2048 2883 propter

687 2903 770 2951 nos.
803 2881 901 2950 Nam
955 2893 1080 2974 ropter
1102 2892 1253 2974 peecata
1279 2879 1465 2973 tollenda,
1480 2904 1565 2978 quaa
1591 2905 1663 2952 non
1694 2879 1837 2976 rapuit,
1856 2893 1949 2953 tnnc
1971 2907 2046 2956 ex-

689 2970 815 3044 solvit.
853 2907 969 3044 Unde
999 2985 1151 3069 propter
1176 2973 1435 3048 necessitatem
1468 2988 1506 3049 et
1534 2974 1723 3052 uu'lintern
1747 2987 1939 3070 nomm,
1958 3003 2047 3051 non

689 3077 844 3164 propter
880 3089 1006 3160 snam,
1027 3067 1192 3142 animam
1225 3069 1351 3168 posuit
1383 3097 1452 3170 pro
1484 3073 1657 3148 omnibus
1693 3069 1820 3144 amicis
1855 3073 1958 3166 auia,
1978 3097 2062 3170 pro,

688 3163 799 3238 nobis
847 3163 959 3260 uippe
981 3164 1184 3260 liberandis
1202 3165 1327 3242 voluit
1348 3167 1636 3266 comprehendi,
1649 3195 1717 3266 pro
1736 3166 2061 3244 nobis.redin1en-.

688 3260 748 3336 dis
775 3191 900 3338 voluit
925 3261 1064 3356 vendi,
1081 3287 1150 3360 pro
1177 3263 1287 3336 nobis
1323 3261 1553 3338 honorandis
1581 3265 1706 3340 voluit
1732 3261 1920 3339 confundi
1944 3279 1981 3338 at
2005 3267 2050 3340 in

688 3381 799 3432 cruce
826 3358 1027 3455 suspendi,
1042 3357 1259 3434 vinculatus
1289 3371 1367 3454 est,
1383 3373 1427 3435 ut
1451 3360 1753 3453 absolveremur,
1768 3360 2060 3458 flagellatos,ne·

526 3509 531 3535 ,
687 3451 1162 3552 flagellaremur,mortuns
1173 3466 1248 3546 est,
1262 3457 1550 3532 neaetemaliter
1561 3481 1805 3532 moreremur.
1838 3458 1934 3532 Hine
1955 3459 2053 3532 Pana·

484 3567 577 3625 cuasa.
596 3580 622 3618 a.
684 3547 747 3624 lus
773 3553 904 3626 ait:In
933 3550 1007 3624 fide
1030 3552 1123 3626 vivo
1142 3551 1211 3625 filii
1239 3551 1327 3646 Dei,
1343 3555 1410 3649 qui
1428 3552 1562 3626 dilexit
1585 3579 1667 3648 me,
1684 3567 1722 3627 et
1746 3551 1902 3629 tradidit
1920 3568 2067 3628 semet·-

491 3689 516 3724 ι.
530 3669 594 3722 cor.
611 3663 650 3719 ιε.
683 3645 699 3720 i
744 3675 811 3724 nm
832 3673 901 3746 pro
916 3673 987 3722 me.
1017 3649 1067 3721 Et
1088 3645 1196 3722 alibi:
1218 3645 1391 3722 Christus
1410 3662 1582 3724 mortuns
1598 3663 1656 3725 est
1670 3677 1738 3748 pro
1759 3649 1931 3748 peccatis.
1956 3653 2051 3734 Item

490 3757 599 3808 ¹·1’etr·
615 3767 642 3803 2·
717 3757 820 3818 etrus
837 3747 889 3818 ait
901 3769 910 3814 a
922 3743 1097 3827 Christus
1111 3769 1245 3840 passus
1257 3756 1314 3817 eet
1328 3771 1397 3840 pro
1418 3746 1545 3839 nobis,
1555 3747 1665 3821 vobis
1681 3747 1899 3843 relinquens
1918 3771 2058 3820 exem«

488 3857 563 3916 ιιιὶω
581 3856 625 3912 53.
685 3836 803 3936 plum.
832 3841 882 3914 Et
902 3841 1016 3915 Isaiae
1044 3842 1116 3914 ait:
1132 3839 1361 3914 Vulneratus
1391 3853 1448 3914 est
1471 3853 1623 3939 propter
1643 3843 1879 3940 iniquitates,
1894 3842 2059 3920 attritus

523 3929 528 3948 '
685 3948 838 4032 propter
860 3935 997 4008 scelera
1014 3949 1158 4026 nostra,
1186 3937 1268 4033 ejus
1290 3936 1409 4010 livore
1437 3941 1556 4012 sanati
1578 3964 1720 4014 sumus.
1743 3940 1794 4012 Et
1814 3932 1911 4035 apnd
1935 3935 2055 4020 Joan,

486 4039 566 4090 soen.
582 4053 622 4088 ²⁰·
684 4031 861 4104 Animam
883 4029 1274 4128 meam(inquit)pro
1295 4032 1431 4126 ovibus
1460 4037 1553 4109 meis
1582 4062 1696 4133 pono,
1778 4035 1780 4042 ’

486 4135 580 4192 acar.
606 4133 633 4189 ⁵.
732 4125 789 4198 De
833 4123 1019 4223 Apostolis
1062 4127 1166 4199 caesis
1204 4123 1499 4204 dicitur21bant
1524 4131 1738 4228 gaudentes
1777 4157 1801 4204 a
1842 4142 2041 4228 conspectu

683 4218 1057 4400 wlffiifiqlmm
1081 4219 1185 4319 digni
1210 4221 1332 4298 habiti
1357 4237 1447 4300 sunt
1471 4251 1540 4323 pro
1566 4227 1719 4308 nomine
1745 4225 1889 4318 Christi
1909 4237 2042 4300 contu«

683 4345 771 4398 mer
880 4345 929 4402 cu
1413 4359 1418 4372 ·
2020 4374 2024 4384 ·

485 4427 575 4508 taur·
591 4445 645 4506 a:
730 4415 942 4526 Stephanus
956 4415 1003 4496 ad
1019 4413 1242 4522 lapidatores
1257 4414 1333 4495 fuit
1346 4418 1401 4495 ita
1414 4420 1565 4527 patiens,
1574 4429 1613 4496 et
1628 4418 1831 4528 benignus,
1843 4415 1947 4524 quod
1962 4413 2046 4501 (lilia
