4498 5462
524 2423 605 2492 itum.
625 2441 667 2493 ¹6·
771 2430 879 2524 Gore,
900 2430 971 2502 Dat

726 452 804 564 ¹94
865 408 878 432 Α
937 560 939 570 .
972 437 1235 531 TITULUS
1278 435 1410 580 CIV..
1434 435 1558 522 Mors
1600 433 1830 528 malorum.

1136 741 1464 832 TITULUS
1513 740 1646 828 CIV.

1210 915 1330 998 Mors
1367 911 1583 997 melorum.

527 1121 594 1172 oen.
616 1116 642 1185 t·
725 1047 866 1199 Cain,
883 1108 950 1204 qui
966 1105 1100 1178 cecidit
1119 1105 1274 1178 fratrem
1301 1125 1432 1194 suum,
1451 1099 1595 1173 occisus
1617 1110 1674 1174 est
1696 1103 1718 1172 t
1738 1103 1909 1178 Lamech,

526 1213 594 1265 ⁶0³·
619 1228 658 1279 ¹9·
769 1203 953 1276 Dominus
973 1201 1070 1297 pluit
1088 1227 1129 1273 su
1158 1226 1198 1270 er
1219 1196 1415 1270 Sodomam
1437 1206 1475 1266 et
1493 1195 1742 1269 Gomorrham
1764 1200 1824 1270 sul
1848 1195 1923 1273 hur'
1946 1214 1984 1273 et
2011 1208 2075 1298 ig*

720 1319 810 1460 pem
831 1297 876 1370 de
894 1297 1005 1391 coelo,
1023 1307 1060 1368 et
1082 1227 1268 1370 suivertit
1286 1291 1454 1394 quinque
1475 1289 1663 1384 civitates,
1688 1226 1899 1366 detestalsili
1920 1309 2074 1391 peccato

738 1404 905 1466 oetentes.

525 1497 594 1547 (³⁰¹²-
615 1496 657 1561 34·
741 1549 745 1560 .
771 1471 918 1560 Sicliem
945 1475 1196 1574 filius'Emor‚
1214 1481 1281 1578 qui
1306 1481 1488 1576 oppressit
1507 1479 1645 1588 Dinam
1665 1479 1778 1551 filiam
1796 1479 1923 1573 Jacob,
1941 1483 2068 1558 inten-

612 1585 616 1592 “
722 1579 842 1654 fectus
859 1591 954 1652 esta
978 1579 1065 1651 filiis
1087 1579 1216 1670 Jacob,
1240 1587 1278 1648 et
1302 1577 1425 1657 omnis
1447 1574 1609 1648 civ1tatis
1628 1573 1796 1668 populus.
1892 1635 1900 1650 ,

525 1681 610 1738 axos.
630 1687 679 1756 ¹t··
771 1678 888 1770 Aquae
917 1675 1029 1746 maris
1063 1673 1170 1744 rubri
1199 1679 1470 1764 cooperuenmt
1499 1691 1629 1740 currus
1666 1677 1702 1738 et
1730 1667 1869 1760 equites
1899 1683 2060 1744 cunctos

723 1768 910 1842 exercitiis
925 1766 1148 1856 Pharaonis,
1163 1791 1232 1838 nec
1246 1787 1346 1835 unus
1390 1762 1514 1836 uidem
1530 1763 1706 1834 remansit
1717 1761 1786 1832 :Et
1800 1761 1952 1856 quidem
1973 1768 2068 1836 satis

720 1863 838 1957 juste,
854 1865 913 1960 cuj
919 1887 964 1936 us
978 1886 1042 1934 cor
1055 1886 1134 1952 non
1146 1861 1270 1955 potuit
1285 1789 1458 1950 emoiiri,
1474 1879 1607 1952 corpus
1623 1858 1705 1950 ejus
1718 1857 1762 1928 in
1776 1855 1884 1952 aquis
1901 1855 2070 1942 tottiliter
2087 1933 2090 1943 ,

656 2009 660 2014 -
720 1980 802 2029 mer
823 1970 957 2029 eretur.

525 2064 605 2120 tevit
623 2053 684 2119 10.'
768 1981 896 2123 Nidab
921 2064 958 2124 et
984 2049 1112 2122 Abihu
1137 2048 1206 2121 filii
1226 2049 1369 2139 Aaron,
1393 2045 1587 2120 offerentes
1606 2047 1731 2140 ignem
1753 2043 1921 2120 alienum
1944 2069 2069 2126 coram

474 2139 482 2153 ⁸
719 2143 897 2238 Domino,
920 2145 1089 2220 devorati
1114 2157 1204 2216 sunt
1223 2145 1270 2214 ab
1299 2143 1383 2236 igne
1410 2141 1581 2231 Domini,
1609 2151 1646 2212 et
1670 2140 1824 2210 mortui.

523 2247 612 2304 levit·
625 2251 667 2319 at·
769 2239 958 2336 Pescepto
992 2239 1144 2312 Domini
1180 2237 1250 2311 filii
1275 2236 1391 2309 lsrael
1425 2235 1639 2310 eduxenmt
1671 2231 1933 2331 blasphemum
1962 2253 2071 2314 extra

722 2347 855 2428 castra,
877 2361 920 2407 ac
941 2335 977 2406 la
1002 2335 1128 2406 idibus
1151 2334 1369 2409 obruerunt.

972 2361 1068 2521 lan,
1102 2440 1140 2505 et
1168 2429 1327 2518 Abiron,
1353 2452 1402 2498 ac·
1422 2450 1552 2498 eorum
1580 2423 1774 2519 complices
1799 2427 1922 2521 Moysi
1948 2429 2070 2504 rebel-

720 2524 858 2612 lantes,
880 2524 1151 2592 descenderunt
1174 2523 1257 2595 vivi
1278 2524 1320 2592 in
1343 2519 1554 2611 infernum,
1570 2521 1690 2614 operti
1711 2517 1842 2591 humo.

522 2620 610 2669 nme.
628 2624 670 2670 32·
770 2615 844 2680 Alii
856 2614 967 2682 etiam
974 2624 1271 2704 murmurantes,
1287 2625 1324 2684 et
1337 2613 1485 2688 diversa
1495 2613 1769 2686 committentes
1779 2627 1945 2709 peccata„
1952 2620 2070 2695 variis

511 2682 704 2800 ,Ilffiffi’
722 2703 905 2776 mortibus
916 2705 1139 2782 interierunt
1151 2711 1194 2780 in
1204 2707 1541 2802 desert0‚itmqu0d
1558 2707 1603 2780 de
1615 2710 1798 2789 sexcentis
1816 2707 1977 2788 millibus
1990 2711 2065 2784 ho-

722 2797 870 2870 minum
884 2812 1132 2894 pugnatorum
1145 2800 1220 2872 duo
1235 2806 1383 2876 tantum
1398 2815 1535 2872 terram
1574 2803 1801 2874 romissionis
1811 2802 2059 2878 intraverunt.

523 2883 601 2936 ³⁰³¹¹⁰
622 2905 661 2985 7·Ι
770 2891 955 2981 Quoniam
979 2891 1110 2964 Achan
1131 2893 1220 2965 tulit
1237 2891 1378 2972 furtive
1397 2894 1442 2967 de
1458 2827 1692 2969 anatliemate
1705 2895 1862 2984 Jericho,
1875 2895 2059 2990 lapidavit

547 3021 555 3036 2
722 3009 807 3058 eum
820 2987 942 3058 omnis
955 2987 1083 3078 Isra'el,
1096 2999 1132 3066 et
1143 3001 1295 3078 cuneta,
1309 3014 1394 3085 quae
1412 3017 1431 3060 e
1449 3017 1494 3062 us
1505 3004 1627 3080 erant,
1638 2991 1720 3084 igne
1730 3013 1879 3061 consum
1906 3002 1946 3060 ta
1958 3005 2060 3066 sunt.

522 3081 610 3135 ΜΘ·
637 3085 664 3152 t·
769 3077 872 3153 Tulit
882 3079 1119 3175 Jahe1,uxor
1133 3082 1256 3155 Haber
1271 3083 1402 3178 Cinaei,
1414 3018 1563 3160 clavum
1574 3084 1868 3175 tabernaculi,et
1878 3015 2011 3158 defixit
2020 3087 2066 3160 in

721 3176 914 3248 cerebrum
924 3178 1148 3273 Sisame,qui
1159 3201 1328 3273 soporem
1338 3182 1450 3253 morti
1459 3179 1803 3271 sociansdefecit,et
1813 3190 1986 3253 mortuus
1997 3193 2063 3255 est.

522 3267 608 3321 Judic.
628 3270 654 3322 ⁸·
716 3329 722 3338 .
767 3271 806 3342 Si
820 3272 935 3344 Zebee
954 3281 992 3344 et
1005 3270 1176 3344 Salmana
1192 3274 1401 3346 servissent
1417 3273 1549 3348 fratres
1561 3273 1761 3365 Gedeonis,
1779 3274 1995 3368 pepercisset
2006 3275 2061 3346 eis

719 3363 886 3456 Gedeon,
905 3365 968 3438 sed
984 3365 1073 3462 quia
1086 3393 1146 3442 eos
1162 3366 1393 3460 occiderunt,
1405 3380 1441 3440 et
1456 3368 1528 3478 ipsi
1543 3393 1565 3438 a
1579 3367 1751 3442 Gedeone
1770 3369 1879 3439 occisi
1893 3365 2060 3441 suerunt.

520 3452 606 3511 auda.
628 3474 651 3510 ι.
767 3458 1137 3554 comprehenderunt
1154 3462 1224 3534 filii
1240 3461 1354 3534 lsrael
1371 3461 1650 3555 Adombezech,
1665 3464 1769 3536 caesis
1786 3463 2062 3536 summitatibus

716 3578 901 3627 manuum
922 3559 1002 3651 ejus
1021 3581 1063 3627 ac
1084 3553 1221 3652 pedum
1244 3558 1369 3653 (etita
1389 3555 1526 3629 fecerat
1542 3561 1620 3652 ipse
1641 3559 1874 3654 septuaginta
1894 3557 2062 3652 regibus)

717 3647 958 3722 adduxerunt
979 3649 1021 3722 in
1042 3649 1261 3741 Jerusalem,
1285 3663 1322 3722 et
1347 3651 1400 3723 ibi
1415 3663 1586 3724 mortuus
1608 3663 1673 3722 est.

519 3753 604 3810 audie.
621 3775 648 3827 9.
765 3744 854 3814 Una
865 3745 1009 3835 mulier,
1026 3748 1150 3841 jacens
1166 3769 1277 3839 super
1297 3758 1408 3840 caput
1421 3744 1636 3818 Abimelech
1647 3743 1817 3842 fragmen
1827 3745 1954 3836 molae,
1975 3770 2062 3818 con·

717 3835 829 3930 fregit
849 3837 1039 3910 cerebrum
1062 3843 1145 3936 ejus
1191 3841 1232 3910 ui
1253 3838 1404 3912 vocavit
1425 3841 1647 3934 amtigerum
1674 3865 1802 3931 suum,
1828 3853 1866 3912 et
1886 3840 1998 3934 jussit
2022 3865 2062 3912 se

715 3927 902 4003 interfici:
920 3944 957 4004 et
974 3933 1095 4006 reddit
1117 3935 1151 4006 ei
1203 3933 1350 4006 ominus
1366 3932 1523 4026 malmn,
1541 3932 1641 4030 quod
1659 3930 1814 4027 fecerat,
1831 3931 2060 4008 interficiens

714 4027 948 4121 septuaginta
969 4024 1101 4100 fratres
1125 4053 1221 4100 suos.
1276 4099 1284 4118 ,
1566 4033 1570 4040 ’
1994 4074 1998 4080 -

521 4143 546 4178 ¹·
560 4127 623 4196 neg.
636 4131 661 4196 t·
764 4119 859 4194 Cum
877 4119 1042 4193 audisset
1059 4122 1142 4194 Heli
1154 4177 1164 4211 ,
1175 4122 1308 4216 Arcam
1323 4122 1474 4194 Domini
1491 4147 1569 4194 esse
1583 4135 1742 4218 captam,
1757 4123 1890 4196 cecidit
1907 4125 1952 4197 de
1966 4121 2051 4196 sella

713 4225 918 4286 retrorsum
939 4219 1051 4310 juxta
1067 4218 1221 4309 ostium,
1237 4229 1273 4288 et
1292 4215 1419 4290 fractis
1442 4217 1647 4292 cervicibus
1668 4231 1842 4290 mortuus
1866 4231 1926 4292 est.

520 4323 549 4380 1-
560 4313 623 4384 neg.
638 4333 678 4388 ¹7·
762 4309 970 4401 Superbum
996 4311 1147 4384 Goliath
1162 4309 1499 4405 'blasphemumque
1519 4312 1639 4388 David
1662 4335 1756 4420 puer
1777 4314 1944 4414 inermis,
1967 4335 2061 4404 non,

712 4401 855 4501 habens
876 4427 989 4477 usum
1006 4427 1210 4499 armorum,
1232 4403 1352 4500 gladio
1369 4403 1471 4479 illius
1490 4409 1640 4508 proprio
1663 4404 1866 4488 interfecit.¹
