4464 5464
699 381 779 466 262
827 323 1097 460 TtTULUs
1141 363 1269 458 CXL.
1319 365 1543 476 Principes
1583 347 1626 442 et
1662 356 1905 470 superiores
1948 365 2088 454 mali.

697 605 746 676 Et
755 599 879 676 tamen
891 600 1070 694 corripuit
1082 623 1143 669 eos
1154 595 1288 685 verbo,
1301 589 1362 664 sed
1372 591 1578 680 lente,non
1585 585 1746 662 viriliter
1754 598 1791 657 et
1803 611 1945 662 severe.
1964 595 2086 684 Quid

699 724 786 794 ergo
797 699 843 771 de
854 695 946 788 illis,
958 696 1025 790 qui
1035 693 1141 766 malis
1153 690 1301 781 fauent,
1315 687 1377 762 vel
1385 687 1452 782 qui
1463 683 1554 756 dant
1566 683 1619 756 eis
1630 684 1864 754 occasionem
1876 691 2085 780 peccandi,

505 821 529 862 2·
542 809 606 876 aeg.
621 799 663 870 24.
748 797 871 868 Etiam
904 791 1012 865 malis
1049 790 1212 887 praelatis
1249 785 1387 857 debent
1416 781 1560 854 deferre
1594 776 1759 870 subditi,
1783 780 1883 853 sicut
1919 785 2082 884 David,

703 892 770 989 qui
788 889 971 988 percussit
994 913 1058 960 cor
1083 911 1217 975 suum,
1240 879 1341 979 quod
1368 877 1584 974 praeciderat
1604 900 1710 948 oram
1732 872 1954 976 chlamydis
1985 885 2085 960 sau.

702 991 771 1080 lis,
793 991 862 1060 ned
893 983 1036 1080 aliquid
1065 983 1155 1054 mali
1182 979 1306 1054 voluit
1338 975 1458 1047 facere
1485 975 1530 1046 ei.

506 1117 526 1154 ι·
542 1101 604 1166 Res·
621 1096 661 1145 ³¹·
752 1087 890 1158 Totum
913 1079 1061 1176 pondus
1092 1077 1212 1174 praelii
1238 1097 1391 1150 versum
1424 1083 1480 1144 est
1509 1072 1551 1144 in
1581 1067 1668 1142 Saul
1697 1095 1704 1138 :
1735 1067 1837 1142 unde
1870 1075 2011 1152 cecidit
2037 1079 2079 1154 in

703 1181 854 1280 praelio,
877 1192 913 1251 et
945 1178 1089 1249 occisus
1122 1185 1188 1246 est.

510 1311 535 1346 2·
550 1293 611 1358 Ber·
628 1285 670 1350 24·
753 1280 910 1374 Propter
928 1283 1143 1368 peccatum,
1163 1266 1262 1365 quod
1286 1264 1472 1341 commisit
1493 1260 1615 1338 David
1641 1262 1685 1333 in
1714 1268 1981 1342 numeratione
2007 1297 2076 1368 po-

569 1439 575 1454 ,
706 1375 809 1474 puli,
830 1373 969 1444 mortui
1004 1379 1094 1441 sunt
1127 1391 1177 1438 ex
1213 1361 1351 1459 populo
1371 1361 1605 1455 septuaginta
1637 1357 1755 1430 millia
1786 1362 1971 1438 virorum.

505 1482 536 1572 ¹3·
552 1481 615 1544 Res·
631 1487 671 1525 ¹²·
756 1471 854 1560 Quia
882 1469 1046 1540 Roboam
1074 1462 1257 1559 populum
1287 1458 1400 1532 nimis
1430 1479 1584 1552 gravare
1617 1455 1763 1549 voluit,
1788 1481 1957 1554 magnam
1982 1488 2071 1558 par-

648 1569 785 1642 'tem
820 1567 902 1658 ejus
933 1563 1068 1635 amisit.

512 1677 625 1731 Ibidem·
760 1661 1001 1735 Occasionem
1038 1653 1141 1727 dedit
1174 1653 1369 1728 Jeroboam
1399 1650 1538 1748 populo
1564 1645 1801 1722 recedendia
1828 1647 1931 1720 cultu
1963 1651 2056 1744 Dei,

548 1823 572 1860 a
712 1757 864 1856 quando
908 1753 1050 1829 vitulos
1084 1749 1194 1840 fecit,
1217 1762 1254 1820 et
1294 1747 1439 1819 adorari
1478 1772 1540 1819 eos
1571 1745 1751 1841 praecepit.

516 1891 540 1941 3.
555 1890 617 1954 neg.
634 1878 675 1931 ιε.
760 1845 916 1944 Propter
933 1847 1050 1920 malos
1065 1844 1236 1940 praelatos
1260 1843 1401 1917 subditi
1425 1843 1617 1915 interdum
1635 1839 1881 1936 temporaliter
1897 1840 2068 1936 affligun-

660 1993 665 2001 ’
712 1961 786 2021 tur.
803 1937 1873 2018 UndeEliasdixitAchab:Tuconturbaslsraiiletdomus
1927 1939 2068 2012 tristui.
2201 1949 2202 1961 ¹

517 2078 541 2130 3.
555 2078 618 2141 mg.
635 2085 678 2122 αι.
762 2045 845 2114 Rex
871 2041 990 2138 Syriae
1016 2035 1191 2132 praecepit
1216 2033 1449 2130 principibus
1476 2059 1659 2107 curruum
1680 2057 1860 2107 suorum:
1914 2061 1965 2108 on
1982 2061 2073 2134 pug-
2202 2071 2203 2074 =

715 2139 853 2212 nabitis
885 2147 1014 2208 contra
1047 2135 1248 2227 majorem,
1270 2129 1332 2203 vel
1367 2131 1547 2203 minorem
1586 2131 1822 2226 quempiam,
1845 2133 1920 2204 nisi
1949 2146 2075 2208 eontra

715 2259 840 2331 regem
869 2230 993 2304 lsrael.
1032 2228 1140 2301 Solus
1173 2239 1297 2298 autem
1328 2226 1391 2298 ille
1421 2239 1500 2299 crat
1530 2225 1658 2299 Achab
1689 2228 1954 2322 nequissimus.
1998 2235 2007 2250 ⁸

518 2362 639 2418 arant.
655 2357 697 2410 33.
766 2335 952 2402 Monaeses
978 2325 1130 2399 seduxit
1156 2320 1293 2396 Judam
1317 2333 1354 2394 et
1378 2322 1605 2410 habitatores
1628 2321 1858 2416 Jerusalem,
1881 2337 1924 2402 ut
1942 2323 2078 2398 faceret

716 2427 859 2501 malum
890 2449 1002 2520 super
1023 2445 1162 2518 omnes
1194 2430 1344 2515 gentes,
1364 2443 1458 2518 quas
1492 2420 1726 2496 subverterat
1759 2420 1940 2494 Dominus
1965 2447 1989 2494 a
2019 2419 2080 2492 fa·
2205 2430 2206 2438 ’

718 2524 773 2596 cie
806 2521 971 2594 filiorum
1007 2518 1131 2592 Israel.
1462 2557 1474 2568 ·
1809 2593 1811 2600 ,

520 2655 569 2706 tu.
592 2668 615 2702 1,
767 2618 951 2690 Malorum
978 2615 1217 2712 praelatorum
1246 2615 1289 2685 in
1320 2612 1526 2686 Jerusalem
1555 2611 1807 2687 habitantium
1835 2627 1984 2710 peccata
2013 2637 2081 2688 ex-

720 2713 857 2814 pressit
883 2712 996 2784 Isaiae
1029 2711 1181 2783 dicens:
1204 2710 1393 2805 Principes
1421 2710 1478 2781 tui
1504 2709 1670 2783 infideles
1685 2723 1796 2800 sunt,
1812 2710 1903 2784 socii
1923 2709 2082 2803 surum,

722 2837 760 2885 se
788 2821 934 2882 uuntur
965 2831 1144 2899 munera,
1166 2805 1329 2900 diligunt
1359 2805 1631 2880 retributiones.

523 2943 574 2993 h,
595 2937 636 3001 ¹4·
805 2931 825 2974 e
869 2901 1213 2973 Nabuchodonosor
1249 2901 1417 2996 principe
1455 2903 1608 2998 pessimo
1646 2897 1808 2972 dicitur:
1833 2899 1892 2970 Tu
1928 2907 2073 2972 terram

722 3009 827 3068 tuam
868 2991 1141 3089 disperdidisti,
1164 3005 1209 3066 tu
1237 2995 1419 3090 populum
1464 3011 1571 3072 tuum
1610 2993 1774 3072 occidisti
1801 3005 1877 3066 etc.

525 3117 575 3168 m.
595 3125 637 3164 υ.
772 3089 895 3163 Sobna
912 3090 1135 3186 praepositus
1152 3089 1281 3186 templi
1302 3091 1473 3166 credebat
1496 3097 1537 3168 in
1560 3091 1760 3168 Jerusalem
1783 3090 1852 3163 diu
1874 3089 2005 3165 vivere
2019 3144 2029 3180 ,
2045 3101 2087 3164 et

722 3185 929 3262 moriturus
957 3183 1162 3259 honorilice
1189 3186 1345 3282 sepeliri.
1383 3189 1453 3262 Sed
1478 3191 1672 3264 mandavit
1697 3187 1881 3260 Dominus
1903 3189 1968 3258 ei:
1990 3185 2087 3282 quid

722 3297 769 3357 tu
794 3279 877 3372 hic,
901 3294 967 3354 aut
1000 3283 1108 3378 quasi
1131 3285 1217 3378 quis
1243 3281 1335 3356 hic?
1353 3286 1441 3358 Post
1490 3287 1581 3360 auca
1606 3291 1775 3382 sequitur
1794 3310 1802 3354 :
1821 3281 2017 3380 Expellam
2049 3293 2087 3352 te

724 3379 770 3452 de
803 3377 962 3452 statione
995 3392 1071 3452 tua.
1105 3381 1155 3450 Et
1185 3377 1248 3451 ille
1278 3379 1432 3454 videtur
1462 3314 1578 3458 icisse
1608 3382 1655 3454 de
1684 3381 1767 3474 his,
1807 3381 1875 3476 qui
1911 3379 2086 3452 dicebant

724 3474 837 3574 paulo
865 3485 951 3546 ante
971 3500 978 3544 :
999 3473 1245 3550 Comcdamus
1272 3487 1309 3547 et
1337 3478 1531 3571 bibamus,
1551 3505 1632 3552 cras
1658 3480 1758 3552 enim
1785 3475 2001 3549 moriemur.

528 3613 625 3664 ,m
646 3605 689 3658 33,
746 3569 941 3683 'Sedecias
966 3596 1037 3644 rex
1064 3570 1162 3645 Juda
1190 3571 1291 3645 dixit
1318 3575 1550 3672 principibus
1581 3577 1781 3648 Jeremiam
1813 3571 1933 3646 occidi
1957 3583 2088 3668 peten-

726 3669 828 3742 nbus
848 3693 855 3736 :
876 3669 970 3740 Ecce
997 3670 1039 3740 in
1071 3670 1246 3743 manibus
1277 3671 1413 3746 vestris
1446 3684 1524 3766 est,
1546 3699 1624 3746 non
1658 3673 1759 3745 enim
1790 3669 1847 3742 fas
1877 3679 1933 3742 est
1964 3691 2086 3764 regem

726 3763 836 3839 vobis
868 3763 1074 3860 quidquam
1109 3789 1252 3860 negare.
1668 3847 1671 3854 ¹

530 3897 625 3957 M,
639 3895 679 3947 ,3,
778 3857 916 3968 Dentre
943 3861 1058 3932 malos
1087 3860 1287 3958 prophetas
1310 3875 1347 3935 et
1376 3864 1547 3960 praelatos
1570 3863 1670 3937 dixit
1695 3864 1879 3936 Dominus
1901 3885 1965 3958 per
1990 3861 2089 3932 Eze-

729 3953 919 4026 chielem:
948 3955 1032 4028 Non
1056 3957 1276 4030 ascendistis
1307 3984 1357 4031 ex
1384 3961 1562 4055 adverso,
1593 3986 1663 4033 nec
1681 3960 1905 4056 opposuistis
1933 3979 2088 4031 murum

727 4049 924 4147 predone
949 4053 1078 4136 Israel,
1105 4066 1149 4125 ut
1172 4057 1318 4128 staretis
1343 4058 1385 4130 in
1416 4059 1543 4152 praelio
1568 4058 1610 4130 in
1636 4055 1696 4130 dic
1717 4055 1881 4129 Domini.

532 4182 628 4244 Erech.
651 4182 693 4236 33.
759 4243 764 4256 Ι
779 4147 884 4218 Malis
901 4147 1059 4242 prelatis
1072 4149 1253 4222 Dominus
1266 4179 1332 4251 per
1344 4153 1577 4227 Ezechielem
1588 4153 1806 4227 terribiliter
1821 4149 2086 4238 comminatur,

728 4241 875 4318 diceus:
891 4245 957 4320 vae
968 4242 1319 4348 pastoribuslsrat'l,
1329 4252 1398 4350 qui
1413 4251 1615 4350 pascebant
1629 4250 1856 4345 semetipsos.
1869 4245 1999 4323 Nonne
2010 4265 2090 4338 gre·
