4502 5484
446 249 712 350 'HTULUS
740 258 850 350 Xlll.
879 259 1203 380 Apptsritiones.⁴
1477 295 1527 376 19
1576 235 1580 243 ς

162 487 201 560 ei
227 478 468 575 acclamabat,
495 507 607 558 voces
629 482 714 575 Dei,
739 505 820 558 non
852 477 1030 555 hominis.
1059 478 1266 552 Confestim
1292 490 1420 552 autem
1442 503 1527 575 pen-

162 579 281 688 cussit
310 601 399 652 eum
425 577 578 675 angelus
601 579 776 674 Domini,
802 589 840 652 et
866 587 1112 674 consumptus
1135 601 1158 648 a
1179 573 1373 652 vermibus
1393 575 1550 673 exspifl

161 687 275 748 mvn.
795 737 802 752 .

208 769 338 842 nstitit
355 770 523 866 Angelus
538 771 656 847 Panlo
672 773 715 846 in
734 772 847 865 navi,
864 770 1025 846 suadens
1045 795 1133 844 eum
1156 767 1256 842 bono
1276 768 1403 842 animo
1426 790 1524 860 esse,
1545 796 1604 851 Act,
1624 817 1666 872 2„

157 861 308 938 dicens:
332 863 387 938 Ne
408 871 561 966 timeus,
580 870 694 944 Paule
724 879 793 942 etc.
1568 914 1575 932 ι

184 960 439 1056 λδὶςηὶΐιοεινὶῐ
467 967 567 1040 Dens
604 991 690 1063 quse
722 975 867 1060 oportet
904 963 986 1038 fieri
1018 964 1102 1036 cito.
1133 959 1224 1035 Post
1253 959 1328 1034 hoo
1357 960 1518 1056 loquens
1543 989 1623 1058 Apo,
1646 1008 1670 1044 1,

159 1079 269 1132 servo
289 1083 360 1130 suo
373 1059 529 1154 loanni,
548 1063 616 1158 qui
631 1059 852 1133 testificatus
867 1071 924 1132 est
941 1080 1158 1148 sermonem
1173 1056 1242 1133 Dci
1264 1069 1332 1130 etc.
1352 1057 1402 1130 Et
1421 1066 1524 1130 totus

158 1147 255 1225 liber
284 1151 347 1224 ille
372 1153 507 1250 plenus
534 1169 592 1230 est
616 1154 790 1250 angelicis
815 1153 1119 1234 revelationibus.

589 1385 915 1518 alsonus
955 1383 1081 1470 xm.

680 1597 997 1714 Appcriticnes.

151 1759 277 1896 Ante
295 1835 489 1920 peccatum
504 1881 514 1920 ,
531 1824 682 1901 locutus
701 1837 759 1901 est
772 1829 959 1902 Dominus
977 1826 1024 1900 ad
1043 1825 1162 1903 Adam
1180 1851 1187 1896 :
1208 1835 1293 1923 post
1308 1833 1519 1924 peccatum,
1536 1851 1603 1906 cen.
1635 1867 1660 1906 α.
1690 1853 1715 1906 s.

151 1917 199 1988 ad
222 1917 340 1992 Adam
355 1976 366 2014 ,
381 1934 419 1995 et
440 1925 579 2015 Evam,
602 1935 640 1998 et
669 1922 717 1996 ed
746 1935 966 2020 sequentem.
991 1923 1088 2000 Cain
1115 1925 1228 2000 etiam
1252 1923 1402 1998 monuit
1430 1935 1517 1998 ante
1535 1929 1562 1972 a
1589 1923 1641 1998 4·.
1782 1931 1787 1964 ¹

151 2011 434 2110 fratricidium,
468 2030 614 2117 etpost
640 2018 734 2093 dure
759 2043 802 2092 ar
854 2019 882 2090 ‘t
915 2044 1014 2092 eum.

200 2105 474 2213 Nerpnaecepit
495 2115 699 2207 Dominus,
725 2125 771 2186 ut
809 2126 931 2186 aceret
952 2139 1094 2208 arcam,
1115 2114 1251 2190 deinde
1280 2126 1325 2188 ut
1344 2115 1516 2210 ingrede-¹
1534 2147 1603 2201 cen.
1621 2163 1649 2214 9,

150 2205 258 2306 retur
282 2219 324 2269 m
350 2223 442 2270 eam.
468 2207 518 2271 Et
541 2221 628 2294 post
653 2209 943 2281 exsiccationem
969 2222 1108 2302 tenus,
1158 2207 1308 2306 raecepit
1335 2221 1378 2282 ut
1411 2236 1514 2306 egre-

148 2289 330 2362 derentur
352 2291 398 2363 de
417 2317 511 2364 arca.
533 2295 679 2366 Deinde
705 2297 902 2370 benedixit
927 2304 1112 2374 Dominus
1170 2311 1213 2378 cii
1233 2317 1271 2378 et
1298 2301 1386 2376 filiis
1409 2308 1514 2400 ejus,

148 2397 187 2468 et
208 2383 308 2456 dixit
334 2385 382 2457 ad
408 2411 490 2460 eos:
512 2385 675 2458 Crescite
702 2397 740 2456 et
764 2387 1078 2480 multiplicamini.

197 2479 305 2552 Dixit
326 2483 512 2556 Dominus
531 2481 580 2553 ud
606 2479 817 2580 Abraham:
837 2481 1022 2576 Egredere
1037 2483 1082 2556 de
1099 2498 1198 2568 terra
1219 2497 1309 2576 tna,
1328 2499 1364 2558 et
1381 2510 1517 2578 cogna-
1534 2511 1602 2564 cen.
1627 2527 1668 2566 n.

149 2577 252 2648 tione
287 2583 365 2651 tna.
398 2577 540 2652 Eodem
578 2599 655 2675 cap.
697 2573 882 2675 Apparuit
914 2577 1100 2652 Dominus
1128 2577 1318 2673 Abrahae,
1345 2591 1383 2652 et
1402 2579 1515 2656 'dixit

150 2675 204 2744 ei:
236 2673 377 2747 Semini
411 2687 480 2749 tnc
506 2673 603 2747 dabo
628 2685 769 2746 terram
796 2671 906 2744 hanc.

197 2765 247 2842 Et
279 2782 479 2870 postquam
505 2769 651 2846 divisus
683 2780 740 2843 est
765 2766 865 2842 Loth
895 2769 941 2842 ab
977 2794 1042 2864 co,
1067 2782 1195 2868 postea
1225 2773 1401 2870 proximo
1434 2797 1477 2845 ea
1504 2793 1599 2848 ‚cen
1624 2792 1665 2862 14.
1683 2800 1711 2847 es

147 2865 283 2940 Factus
313 2879 372 2942 est
404 2891 526 2942 sermo
556 2863 711 2940 Domini
745 2863 793 2938 ad
824 2863 1015 2940 Abraham
1044 2893 1112 2964 per
1142 2869 1338 2944 visionem.
1369 2799 1512 2942 Deindle
1601 2861 1641 2922 ¹⁵⁹

148 2965 319 3059 apparuit
339 2965 375 3038 ei
393 2965 601 3058 Dominus,
621 2975 659 3036 et
681 2960 785 3035 dedit
804 2963 839 3036 ei
856 2975 1084 3060 praeceptum
1107 2964 1412 3038 circumcisionis.

148 3060 462 3225 fflnAppsrnerunt
489 3061 524 3134 ei
557 3072 634 3134 ties
667 3059 744 3136 viri
775 3069 844 3132 etc.
872 3059 981 3134 Tunc
1014 3059 1162 3138 audivit
1189 3073 1334 3136 certum
1362 3072 1666 3158 tempuscen.1s.

190 3177 217 3223 n
238 3158 430 3230 nasutum.
1647 3217 1649 3222 ,

185 3247 389 3346 ,venerant
414 3251 491 3324 dno
525 3251 669 3349 angeli,
693 3251 844 3328 sedente
871 3248 970 3326 Loth
995 3252 1038 3328 in
1059 3251 1205 3330 foribus
1231 3253 1418 3346 civitatis,
1441 3255 1510 3350 qui
1528 3268 1596 3321 con.
1625 3285 1665 3338 ις.

149 3369 237 3418 cum
260 3341 418 3419 vidisset
440 3370 524 3438 eos,
547 3349 735 3442 surrexit,
751 3361 789 3422 et
810 3349 891 3428 ivit,
910 3348 1061 3426 obviam
1083 3351 1159 3444 eis,
1178 3361 1216 3424 et
1240 3349 1411 3424 adoravit
1434 3375 1507 3422 ecs.

196 3440 312 3514 Venit
339 3437 527 3513 Dominus
555 3439 603 3510 ad
626 3442 842 3516 Abimelech
865 3471 934 3542 per
958 3449 1149 3522 somnium
1170 3457 1208 3518 et
1242 3447 1296 3518 uit
1321 3445 1392 3516 illi:
1425 3447 1505 3516 En!
1525 3451 1594 3504 0⁶¹¹·
1621 3465 1663 3502 ²⁰·

150 3535 320 3609 morieris
349 3543 503 3632 propter
526 3533 723 3608 mulierem
750 3563 864 3629 qnam
885 3540 1026 3632 tulisti,
1051 3541 1165 3614 habet
1191 3541 1294 3612 enim
1318 3539 1457 3612 visum.

199 3630 296 3704 Cum
325 3629 420 3704 dure
446 3631 646 3729 accepisset
670 3629 861 3703 Abraham
879 3629 995 3706 verba
1024 3633 1138 3727 sums,
1165 3655 1235 3704 con
1264 3632 1428 3704 uerentis
1459 3633 1506 3706 de
1524 3651 1593 3704 oen.
1621 3666 1664 3703 αι.

149 3725 284 3800 ancille
308 3739 347 3802 et
371 3725 451 3801 filio
477 3729 574 3826 ejus,
602 3724 702 3800 dixit
728 3726 763 3800 ei
783 3727 989 3802 Dominus:
1005 3725 1091 3802 Non
1112 3727 1183 3802 tibi
1204 3657 1379 3804 videatur
1401 3751 1506 3828 aspe-

150 3843 236 3898 rum
264 3849 376 3922 super
399 3847 571 3922 puerum.

197 3921 380 4031 Apparuit
406 3921 559 4018 angelus
590 3921 633 3995 in
658 3917 805 3996 deserto
832 3921 931 4020 Agar
959 3917 1102 3996 ancillae
1131 3932 1169 3996 et
1193 3921 1282 3996 filio.
1309 3951 1311 3958 ⁴
1521 3933 1634 3987 Ibidem·

195 4013 374 4094 Tentavit
390 4017 519 4092 DEUS
537 4016 742 4113 Abraham,
760 4017 919 4098 at'dixit
936 4019 984 4092 ad
1005 4043 1108 4094 enm:
1132 4019 1235 4094 Tolle
1250 4017 1373 4092 filium
1390 4028 1502 4094 tunm
1519 4035 1588 4090 een.
1614 4051 1657 4088 αι.

148 4120 217 4188 'uc
238 4113 288 4196 Et
308 4125 507 4218 postquam
527 4113 758 4196 extendisset
773 4113 955 4216 gladium,
977 4139 1060 4194 ecce
1081 4114 1235 4278 angtgnas
1255 4115 1408 4194 Domini
1431 4128 1499 4191 etc.
1560 4204 1565 4217 ι
