4498 5462
784 458 2136 504 w

580 589 677 646 tntu.
693 587 734 642 it.
825 574 871 644 In
892 569 1066 667 parabola
1088 568 1134 639 de
1167 590 1276 640 servo
1304 582 1488 656 nequam,
1507 550 1574 648 qui
1599 547 1723 657 noluit
1746 545 1923 616 misereri
1955 571 2138 654 nonam

778 692 868 758 suo,
899 665 1060 738 dicitur:
1081 665 1203 736 lratns
1225 659 1408 732 Dominus
1433 655 1514 746 ejus
1534 641 1688 717 tradidit
1706 663 1792 712 eum
1816 643 2058 714 tortoribus.

577 787 641 842 iae.
663 787 701 854 14.
823 761 962 834 Contra
982 759 1087 850 illos,
1112 759 1178 856 qui
1201 783 1239 828 se
1265 755 1568 832 excusaverunt,
1593 763 1642 810 ne
1659 739 1757 808 irent
1778 733 1828 806 ad
1843 757 2035 829 emnam,
2054 739 2131 813 dici-

775 865 840 930 tur
860 882 867 926 :
895 869 987 930 tunc
1008 855 1126 926 iratus
1147 846 1411 960 paterfamilias
1441 841 1541 948 dixit
1563 859 1671 908 servo
1692 842 1759 902 etc.
1925 929 1935 944 ·
2082 935 2087 944 Ι

577 973 655 1026 sm.
679 973 704 1026 3.
822 951 899 1040 Qui
918 947 1035 1022 credit
1052 950 1094 1021 iu
1109 949 1230 1020 filium
1245 946 1336 1032 Dei,
1353 939 1466 1048 habet
1485 941 1832 1040 vitammternamt
1862 952 1940 1022 qm
1964 951 2055 1001 vero
2073 953 2126 1004 in-
2161 1015 2162 1028 ,

773 1044 946 1115 credulus
958 1055 1013 1114 est
1024 1043 1121 1136 filio,
1130 1067 1208 1114 non
1218 1039 1360 1114 videbit
1377 1045 1515 1120 vitam,
1529 1027 1592 1100 sed
1603 1049 1659 1096 na
1673 1023 1742 1132 Del
1757 1035 2017 1133 mpelffltl'ff
2030 1049 2120 1096 enni.
2161 1059 2162 1086 i

576 1161 660 1226 apoc.
676 1161 703 1212 c.
822 1137 984 1210 Multum
1006 1135 1172 1211 timenda
1189 1149 1244 1208 est
1260 1137 1334 1223 ira,
1349 1152 1434 1224 quae
1452 1122 1669 1232 ostendetur
1683 1141 1725 1188 1n
1741 1115 1801 1188 dre
1816 1115 1970 1226 judicu
1988 1119 2038 1227 lle
2050 1143 2119 1212 qua
2161 1133 2162 1148 ¹

771 1233 813 1306 in
838 1229 1092 1328 Apocalypsi:
1118 1235 1231 1326 Reges
1255 1241 1364 1302 tensa
1391 1235 1429 1296 et
1449 1221 1634 1318 principes
1664 1225 1732 1283 etc.
1833 1225 1950 1321 nitur
1975 1213 2120 1320 :dicent

771 1327 964 1400 montibus
988 1333 1027 1397 et
1051 1328 1166 1422 petris
1187 1353 1195 1396 :
1219 1325 1348 1396 Cadite
1370 1343 1482 1414 super
1497 1339 1589 1420 nos,
1610 1321 1647 1382 et
1665 1307 1804 1380 abscon
1845 1318 1883 1380 te
1903 1333 1978 1382 nos
1998 1332 2022 1380 a
2037 1307 2120 1382 facie

773 1420 935 1495 sedentis
960 1423 1003 1496 in
1021 1433 1155 1514 trono,
1185 1434 1223 1494 et
1243 1421 1290 1492 ab
1311 1419 1369 1490 iia
1389 1413 1497 1509 Agni-

1116 1604 1491 1702 TITULUS
1547 1595 1792 1684 LXXIX.

1222 1786 1294 1865 Ira
1329 1779 1508 1862 hominis
1545 1773 1671 1856 mala.

576 1997 645 2052 cen.
660 1995 687 2063 4.
772 1919 978 2070 Respexit
1006 1970 1191 2045 Dominus
1219 1967 1266 2040 ad
1288 1965 1380 2040 Abel
1399 1977 1437 2038 et
1462 1963 1509 2034 ad
1535 1951 2036 2070 manenesus211amsque
2061 1977 2105 2035 est

774 2069 870 2149 Cain
892 2067 1156 2160 vehementer,
1178 2079 1216 2138 et
1235 2062 1397 2136 concidit
1414 2058 1547 2135 vultus
1566 2080 1661 2150 ejus.
1723 2149 1731 2162 ⁶
1870 2147 1881 2162 ὓ

576 2187 657 2240 num.
677 2189 720 2255 ²4·
821 2165 943 2236 Iratus
962 2163 1094 2235 Balaac
1111 2173 1241 2233 contra
1251 2160 1401 2232 Balaam
1422 2151 1618 2248 complosis
1633 2149 1824 2240 manibus,
1843 2160 1925 2219 art:
1940 2149 1994 2224 Aa
2010 2153 2101 2226 mala·

774 2257 974 2332 dicendum
995 2258 1158 2332 inimicis
1181 2257 1273 2329 meis
1295 2252 1430 2330 vocavi
1448 2263 1507 2340 te,
1524 2247 1662 2346 quibus
1688 2255 1840 2353 econtra
1861 2243 2073 2318 benedisnti.

575 2377 676 2444 anu.
690 2375 726 2428 ss.
821 2353 987 2428 Audiens
1014 2353 1101 2427 Saul
1127 2362 1214 2462 post
1241 2348 1438 2424 victoriam
1462 2339 1714 2418 commendari
1741 2336 1892 2434 David,
1919 2341 2017 2424 iratus
2042 2353 2087 2411 est

773 2452 886 2524 nimis
906 2462 942 2522 et
964 2449 1155 2543 displicuit
1175 2449 1218 2518 iu
1235 2445 1353 2516 oculis
1378 2445 1460 2534 ejus
1487 2464 1608 2512 sermo
1629 2449 1697 2508 ete.

574 2575 601 2614 ι.
615 2561 678 2630 neg.
694 2577 737 2614 ιο.
822 2547 917 2616 Cum
935 2542 1152 2614 excusdsset
1174 2537 1355 2608 Jouathas
1376 2535 1498 2608 David
1516 2530 1615 2627 apud
1637 2543 1780 2627 patrem
1796 2555 1911 2604 sutnn
1921 2586 1932 2623 ,
1950 2530 2094 2604 Sanlira-

772 2650 836 2709 tus
862 2635 1041 2707 adversus
1063 2629 1252 2704 Jonathan
1271 2629 1370 2704 dixit
1393 2655 1401 2699 :
1428 2629 1500 2700 Fili
1525 2627 1691 2701 midieris
1708 2625 1808 2698 ultm
1826 2627 1952 2700 virum
1970 2627 2093 2722 rapien-

771 2731 843 2820 tis,
872 2725 1048 2874 npnquid
1077 2729 1208 2822 ignoro
1220 2779 1230 2818 ,
1263 2727 1352 2826 quia
1379 2723 1502 2798 filium
1530 2724 1603 2796 lsai
1632 2721 1754 2818 diligis
1788 2721 1832 2794 in
1859 2719 2093 2796 confusionem

770 2835 904 2897 tuam.
927 2835 994 2894 etc.

576 2935 601 2984 s.
619 2935 682 3000 neg.
700 2947 736 2984 αι.
819 2917 934 2988 Venit
949 2915 1078 2987 Achab
1092 2943 1163 2988 rex
1179 2915 1293 2986 Israel
1307 2919 1350 2984 in
1368 2916 1522 2984 domum
1542 2935 1667 3006 suam,
1679 2911 1866 3008 indignans
1878 2922 1911 2980 et
1920 2907 2082 2980 fiendens

772 3037 815 3090 su
843 3039 883 3084 er
900 3011 1081 3092 verbum,
1098 3007 1199 3104 quod
1213 3007 1361 3078 locutus
1388 3005 1510 3080 suerat
1529 3006 1576 3078 ad
1602 3033 1688 3082 eum
1707 3005 1855 3080 Naboth
1868 3003 2045 3077 nisenus.

573 3115 599 3180 t·
615 3117 679 3204 Res·
694 3115 720 3168 ⁵·
816 3037 909 3180 l'ost
933 3105 1040 3172 facile
1062 3117 1099 3174 et
1129 3101 1275 3174 salubre
1299 3103 1496 3174 consilium
1514 3101 1663 3195 Elisaei,
1690 3103 1808 3176 iratus
1832 3098 1994 3172 Naaman
2006 3122 2093 3168 rece-

770 3191 899 3286 debat,
922 3194 1048 3268 dicens
1071 3222 1078 3265 ε
1102 3198 1307 3290 Putabam,
1325 3197 1426 3294 quod
1448 3196 1682 3292 egrederetur
1699 3197 1746 3268 ad
1765 3223 1850 3290 me,
1868 3208 1905 3267 et
1921 3196 2100 3270 invocant

769 3315 906 3362 nomen
920 3291 990 3362 Dei
1015 3293 1074 3364 sui
1098 3302 1166 3364 etc.

574 3421 599 3458 ι.
611 3403 696 3459 Peru.
709 3403 747 3455 16.
816 3386 964 3458 llanani
985 3385 1165 3482 propheta
1181 3387 1287 3460 venit
1310 3384 1356 3456 ad
1385 3387 1478 3480 Asa,
1496 3399 1533 3459 et
1551 3388 1759 3484 increpavit
1776 3413 1887 3478 eum,
1912 3388 1999 3482 quia
2017 3407 2094 3454 con-

767 3479 859 3556 fisus
881 3492 959 3554 erat
975 3481 1015 3552 in
1029 3481 1203 3554 Beuadad
1219 3507 1302 3578 rege
1321 3481 1440 3577 Syriae
1460 3505 1468 3550 ε
1487 3483 1683 3578 Iratusque
1701 3484 1774 3554 Asa
1791 3481 1976 3558 adversus
1989 3479 2099 3554 viden·
2163 3499 2164 3570 ζ

767 3585 865 3668 tem,
886 3575 997 3672 jussit
1024 3599 1109 3648 eum
1128 3577 1228 3650 mitti
1257 3577 1298 3648 in
1322 3601 1493 3650 nervum.

571 3669 748 3724 *Pmfflffl
815 3671 1005 3767 Separavit
1031 3673 1197 3744 Amasias
1220 3671 1448 3762 exercitum,
1480 3673 1547 3766 qui
1573 3685 1727 3746 venerat
1754 3671 1912 3744 adeum
1941 3699 1999 3747 ex
2018 3676 2046 3744 E
2066 3667 2099 3738 la

765 3767 858 3837 raim
874 3791 961 3860 :pro
971 3791 1015 3836 eo
1030 3767 1183 3859 scilicet,
1201 3764 1303 3861 quod
1315 3789 1440 3838 secum
1454 3766 1627 3840 venirent
1643 3766 1689 3838 ad
1704 3765 1854 3838 bellum.
1867 3767 1918 3839 At
1933 3697 2103 3840 illivelie·

766 3872 911 3932 menter
935 3861 1021 3931 irati
1040 3874 1169 3932 contra
1188 3860 1209 3931 J
1213 3856 1345 3950 udam,
1376 3861 1516 3934 reversi
1538 3861 1685 3934 suntin
1707 3861 1897 3954 regionem
1926 3889 2043 3936 suam.

570 3987 596 4023 2.
608 3971 691 4026 Paul.
707 3971 748 4023 26.
815 3953 1024 4027 Sacerdotes
1039 3956 1241 4048 arguebant
1260 3955 1390 4025 Oziam
1407 3979 1530 4046 regem
1549 3955 1571 4024 J
1575 3955 1664 4045 uda,
1682 3955 1870 4028 volentem
1886 3957 2040 4032 adolere
2057 3957 2104 4026 in-

766 4071 916 4120 censum
931 4049 1144 4142 ‚iratusque
1162 4049 1290 4138 Ozias,
1312 4060 1349 4121 et
1371 4059 1502 4122 tenens
1529 4047 1767 4124 thuribulum
1788 4050 2017 4128 minabatur
2036 4049 2096 4124 ill'u

567 4153 631 4208 ΓΑ.
653 4153 679 4222 t.
813 4143 907 4216 Cum
930 4141 1093 4214 audisset
1115 4141 1344 4234 Sanaballat,
1366 4141 1467 4238 quod
1482 4142 1726 4218 aedificaretur
1740 4145 2098 4226 murusJerusalau,

763 4237 881 4314 iratus
905 4249 960 4310 est
978 4234 1105 4334 valde,
1129 4249 1166 4314 et
1187 4247 1311 4312 motus
1332 4237 1445 4312 nimis
1466 4236 1710 4318 subsannavit
1731 4237 1754 4311 J
1756 4236 1896 4334 udaeos,

781 363 857 470 146
967 343 1230 438 'HTULUS
1264 337 1458 428 LXXIX
1487 335 1554 418 Ira
1581 331 1773 414 hominis
1802 329 1947 412 mala.
