4452 5462
125 419 128 424 Ι
184 449 462 549 THULUS
493 445 722 538 CLXXIII.
757 379 1015 538 Tribulatio
1042 468 1085 536 et
1115 451 1203 560 elus
1226 441 1404 536 utilitas.
1441 448 1523 602 iri
1559 529 1561 538 .

211 671 376 765 Quidam
397 665 520 746 ludaei
537 671 685 765 Asiani,
708 695 794 748 cum
814 670 999 747 vidissent
1014 671 1056 746 iu
1073 671 1214 768 templo
1232 668 1411 762 Paulum,
1429 679 1525 742 oon·
1541 677 1631 734 Actor·
1642 691 1686 767 τις

158 771 378 845 citaverunt
391 793 545 841 omnem
571 767 776 862 populum,
804 780 841 842 et
866 769 1079 866 injecerunt
1096 769 1231 850 manus
1250 767 1292 840 in
1321 790 1426 858 eum,
1448 765 1525 838 cla-

158 877 332 940 mantes:
352 863 626 937 Virilsra'elitae
649 863 839 938 ad‘uvate
862 864 910 944 Et
920 862 1240 962 apprehendentes
1252 861 1435 954 Paulum,
1448 873 1526 935 tra-

160 960 303 1034 hebant
329 971 440 1033 extra
468 957 662 1054 templum.
686 891 951 1049 (inserentibus
978 960 1199 1034 autemillis
1228 979 1314 1032 eum
1340 958 1525 1048 occidere,

162 1057 466 1144 nunciatum-est¹
483 1055 658 1147 tribuno,
680 1055 784 1150 quod
805 1067 885 1128 tota
901 1054 1201 1129 confunderetur
1219 1053 1441 1144 Jerusalem,
1458 1053 1527 1149 qui

98 1185 102 1196 ’
154 1152 363 1244 assumptis
404 1149 605 1243 militibus,
644 1151 809 1224 decurrit
832 1151 878 1222 ad
913 1151 1007 1224 illos.
1040 1148 1219 1225 Videntes
1245 1161 1372 1222 autem
1399 1149 1525 1220 tribu-

159 1270 258 1317 num
271 1255 314 1315 et
330 1245 481 1336 milites,
497 1259 737 1320 cessaverunt
756 1259 949 1342 percutere
966 1245 1136 1320 Paulum.
1153 1247 1260 1318 Tunc
1277 1242 1526 1342 apprehendit

158 1340 342 1411 'tribunus
365 1364 471 1430 eum,
493 1351 530 1411 et
556 1343 668 1436 jussit
694 1341 836 1437 alligari
863 1343 1002 1416 catenis
1025 1342 1182 1415 duabus.
1214 1375 1216 1380 ’

211 1432 514 1506 Vociferantibus
530 1434 670 1510 Iudaeis
693 1437 873 1512 adversus
897 1438 1057 1522 Paulum
1077 1450 1116 1510 et
1133 1435 1422 1534 projicientibus
1440 1457 1523 1510 ves·
1545 1434 1634 1487 actor.
1646 1443 1688 1486 ’ὓ

157 1531 324 1604 timenta
346 1553 441 1619 sua,
461 1541 498 1601 et
522 1531 716 1624 pulverem
736 1535 964 1630 jactantibus
985 1536 1026 1608 in
1050 1557 1193 1626 aerem,
1215 1533 1328 1628 jussit
1357 1555 1444 1603 eum
1465 1531 1531 1602 tri-

158 1623 288 1694 bunus
315 1623 403 1692 duci
416 1623 458 1692 in
485 1635 622 1716 castra,
654 1640 691 1699 et
714 1627 868 1723 flagellis
897 1627 1005 1720 caedi,
1036 1640 1074 1703 et
1092 1628 1282 1726 torqueri,
1304 1637 1350 1699 ut
1372 1625 1529 1717 scirent,

157 1727 312 1812 propter
337 1739 450 1810 quam
473 1739 622 1790 causam
641 1721 889 1798 acclamarent
916 1723 963 1798 ad
994 1749 1094 1798 eum„

213 1809 309 1884 Cum
339 1821 436 1880 esset
462 1811 603 1883 Paulus
633 1841 656 1884 a
683 1817 841 1890 tribuno
874 1817 1073 1910 detentus,
1098 1817 1220 1886 Judaei
1250 1818 1452 1910 plusquam
1480 1817 1527 1906 do
1549 1823 1640 1896 Actor·
1655 1821 1700 1876 23·

154 1905 347 1978 ‘dixerunt
369 1904 530 2000 principi
562 1907 830 1980 sacerdotum:
859 1915 1070 1984 Deuotione
1092 1905 1316 1985 devovimus
1336 1933 1406 1981 nos
1429 1907 1529 1982 nihil

163 2012 396 2097 gustaturos,
427 1997 546 2071 donec
580 2002 792 2075 occidamus
823 2001 995 2076 Paulum.
1021 2001 1133 2076 Nunc
1164 2011 1250 2098 ergo
1283 2001 1447 2092 faciatis,
1482 2013 1528 2076 ut

154 2095 391 2187 adducatur,
414 2105 454 2167 et
479 2121 572 2189 nos,
601 2101 822 2196 priusquam
848 2101 1148 2196 appropinquet,
1174 2097 1294 2194 parati
1319 2120 1449 2167 sumus
1467 2120 1531 2168 oe-

156 2190 288 2265 ·cidere
323 2190 443 2264 illurn.
472 2191 545 2264 Sed
575 2193 753 2266 tribunus
775 2219 798 2264 a
827 2206 961 2290 nepote
989 2193 1098 2266 Pauli
1123 2193 1310 2282 monitus,
1330 2189 1419 2264 fecit
1442 2215 1531 2264 eum

155 2285 212 2360 ad
232 2287 393 2360 Felicem
414 2286 610 2383 praesidem
637 2314 724 2362 cum
747 2315 864 2363 manu
887 2289 977 2363 forti
999 2299 1037 2362 et
1068 2288 1188 2362 tuteli
1219 2285 1363 2359 deduci,

214 2383 393 2456 Existens
417 2407 541 2458 coram
559 2385 681 2460 Felice
703 2385 859 2483 praeside
877 2385 1036 2478 Paulus,
1053 2382 1129 2458 suit
1147 2410 1170 2456 a
1187 2381 1328 2455 Judaeia
1349 2393 1532 2479 tanquam
1551 2402 1696 2460 aaa-as

163 2477 369 2551 seditiosus
396 2491 433 2552 et
456 2480 609 2576 pestifer
637 2494 847 2577 accusatus,
874 2482 960 2580 qui,
984 2505 1070 2554 cum
1101 2505 1188 2554 enm
1213 2489 1251 2551 et
1284 2475 1428 2574 judaeos
1454 2475 1532 2551 fre·
1582 2541 1585 2548 Δ
1768 2497 1771 2503 ’

160 2586 329 2672 quanter
345 2575 528 2669 audisset,
547 2590 585 2651 et
603 2591 752 2675 tempus
768 2579 981 2671 transisset,
992 2575 1127 2650 habuit
1141 2573 1365 2672 quemdam,
1377 2573 1533 2647 Festum

40 2707 42 2712 ·
167 2670 346 2762 nomine,
376 2695 446 2745 suo
477 2672 559 2747 loco
582 2675 761 2748 Caesareae
787 2698 1047 2749 successorem.
1083 2671 1223 2746 Volens
1263 2679 1390 2742 autem
1423 2669 1537 2743 Felix

164 2797 165 2800 ¹
213 2766 325 2840 aliam
343 2781 521 2864 praestare
540 2769 696 2864 Judaeis,
719 2771 872 2868 reliquit
887 2769 1049 2844 Paulum
1064 2768 1255 2858 vinctum,
1272 2791 1294 2836 a
1313 2789 1390 2862 quo
1409 2762 1536 2862 judice
1590 2767 1602 2786 '

171 2907 173 2914 ·
201 2872 281 2936 esto
310 2863 451 2937 Paulus
472 2867 640 2939 sentiens
664 2891 702 2940 se
725 2870 889 2962 gravari,
913 2867 1098 2940 Caesarem
1124 2861 1336 2964 appellavit.

220 2957 355 3030 Postea
382 2960 537 3118 (supple
566 2973 650 3057 post
686 2987 732 3058 ap
792 2962 997 3059 lationem)
1024 2962 1178 3032 Romam
1207 2955 1339 3063 catenat
1360 2955 1537 3063 vinctus,
1552 2967 1702 3034 sewen.

166 3056 210 3117 et
248 3057 413 3138 tempore
451 3055 622 3144 «yemali
648 3081 675 3124 n
763 3059 890 3146 agium
917 3081 1072 3148 passus,
1105 3051 1243 3126 multas
1273 3047 1537 3122 tribulationes
1553 3035 1636 3086 ⁰²²⁸·

168 3151 214 3214 et
245 3141 436 3232 angustias
467 3142 650 3214 toleravit

221 3233 363 3307 Paulus
391 3245 432 3307 et
466 3235 655 3307 Barnabas
699 3233 970 3328 hortabantur,
995 3245 1041 3308 ut
1069 3243 1332 3330 permanerent
1366 3233 1411 3305 in
1440 3233 1648 3328 fide,'aaor.
1662 3246 1703 3314 ¹4

167 3330 266 3500 guia
292 3355 361 3427 per
401 3327 540 3403 multas
575 3327 837 3406 tribulationes
877 3340 1023 3428 oportet
1053 3353 1123 3403 nos
1148 3329 1291 3402 intrare
1311 3329 1355 3401 in
1379 3351 1539 3423 regnum

208 3452 280 3594 (ἴε
306 3521 426 3618 seipso
449 3521 615 3596 scribens
634 3519 833 3618 'Apostolus
849 3521 908 3594 ait
933 3495 1150 3595 {Nolumus
1171 3541 1241 3595 vos
1260 3516 1433 3613 ignorare
1458 3513 1538 3588 fra-
1557 3541 1583 3582 a.
1597 3528 1695 3582 eoas

174 3611 326 3691 tresde
352 3616 598 3690 tribulatione
618 3631 765 3711 nostra,
795 3643 880 3715 quae
911 3613 1010 3691 facta
1028 3627 1083 3690 est
1110 3617 1152 3688 in
1178 3615 1283 3707 Asia,
1305 3615 1395 3710 quia
1428 3633 1543 3720 supra

175 3710 332 3824 modum
351 3715 496 3810 gravati
514 3739 665 3810 sumus,
683 3739 797 3820 supra
813 3715 916 3790 vires
926 3725 1093 3828 nostras,
1110 3722 1155 3786 ut
1166 3709 1319 3786 taederet
1339 3733 1409 3782 nos
1424 3715 1543 3805 ettam

176 3828 324 3979 unffi
349 3864 584 3982 venissemus
617 3905 889 4000 Macedoniam,
914 3899 1060 3981 nullam
1094 3903 1263 4001 requiem
1289 3897 1425 3973 habuit
1450 3921 1538 3972 caro
1559 3915 1585 3954 ²·
1599 3898 1662 3955 ⁰⁰¹·
1677 3920 1703 3972 a

179 4011 342 4110 nostra,¹
360 4001 424 4074 sed
453 4027 603 4076 omnem
637 4001 918 4098 tribulationem
955 4003 1055 4100 passi
1081 4024 1222 4075 sumus.
1253 3995 1359 4072 Foris
1386 4019 1540 4093 pugnae,

179 4105 504 4267 mmCdmihlddiliasns
520 4193 721 4290 Apostolus
737 4193 1086 4268 Thessalonicenses
1120 4193 1174 4268 ait
1197 4217 1205 4261 :
1227 4189 1305 4263 Vos
1335 4187 1542 4262 imitatores
1563 4213 1590 4252 ι.
1612 4191 1743 4252 theat

179 4286 303 4358 nostri
328 4284 419 4363 facti
438 4291 548 4382 estis,
570 4301 605 4362 et
628 4291 802 4383 Domini,
822 4291 1052 4382 excipientes
1068 4289 1229 4370 verbum
1249 4281 1544 4360 intribulatione

180 4380 319 4482 metita,
346 4407 434 4514 cum
455 4384 590 4485 gaudio
615 4383 775 4484 Spiritirs
803 4385 936 4460 sancti.
1168 4471 1281 4546 RH
