4452 5462
267 489 563 635 ''ItTiJLUs
598 539 848 631 CLXXXII.
892 539 1023 628 Zelus
1061 535 1213 626 honus.
1382 539 1465 624 331'

759 766 810 850 Za

428 933 764 1027 TITULUS
827 937 1143 1027 CLXXXII.

633 1109 763 1196 Zelus
804 1112 948 1198 bonus.

112 1247 348 1380 Saeviebant
369 1299 439 1376 filii
465 1261 578 1376 Jacob
599 1301 649 1376 ob
666 1315 839 1400 stuprum
860 1302 984 1400 Dynae
998 1301 1138 1377 sororis
1153 1327 1220 1400 per
1233 1297 1383 1378 sichem
1401 1325 1471 1400 op-
1487 1333 1556 1390 oen.
1570 1333 1612 1401 34.

110 1425 330 1568 prffiem
352 1496 501 1592 Moyses
527 1519 639 1568 voces
659 1497 891 1568 cantantium
909 1551 919 1588 ,
939 1507 975 1569 et
990 1495 1123 1569 videns
1141 1487 1306 1568 vitulum
1326 1505 1363 1567 et
1379 1492 1471 1567 cho·
1486 1511 1572 1568 mot.
1587 1511 1630 1567 ³2.

112 1615 205 1678 ros,
227 1591 344 1660 iratus
373 1597 429 1658 est
462 1583 593 1679 valde,
625 1602 661 1662 et
693 1592 892 1685 projiciens
922 1589 1091 1682 tabulas,
1118 1588 1301 1686 confregit
1325 1615 1398 1662 eas.
1423 1585 1472 1662 Et

111 1693 226 1771 nota,
253 1702 364 1774 quam
388 1676 551 1773 graviter
577 1683 728 1773 punivit
747 1686 1043 1780 populum‚‚pro
1070 1711 1146 1781 quo
1161 1697 1241 1758 tam
1259 1683 1419 1760 fideliter
1432 1695 1471 1759 et

109 1777 298 1848 instanter
323 1785 493 1845 oraverat
516 1784 601 1842 ante
627 1774 758 1848 Deum.

161 1865 327 1940 Multum
351 1863 490 1959 placuit
515 1862 594 1934 Deo
616 1863 719 1934 zelus
736 1869 897 1937 Phinees
920 1865 990 1936 filii
1008 1865 1199 1954 Eleazari‚
1223 1864 1374 1959 quando
1392 1893 1473 1960 per
1489 1901 1569 1956 pm,
1582 1901 1626 1955 as.

110 1962 214 2036 fodit
236 1961 364 2036 virum
386 1981 473 2030 cum
485 1953 641 2030 muliere
660 1951 899 2028 Madiauitide
922 1981 930 2025 :
951 1956 1037 2026 licet
1053 1967 1177 2028 essent
1197 1961 1324 2051 magni
1341 1971 1378 2029 et
1403 1986 1473 2032 no-

109 2055 221 2132 biles.

160 2149 347 2244 Pmoepit
373 2146 485 2221 Josue
514 2142 644 2220 Achan
676 2145 854 2243 lapidari,
888 2156 925 2220 et
952 2154 1071 2218 totam
1098 2148 1179 2242 ejus
1208 2143 1470 2243 supellectilem
1489 2192 1601 2261 hm

107 2246 315 2335 comburi,
367 2243 432 2316 uia
452 2242 590 2316 tulerat
611 2240 658 2315 de
678 2239 914 2314 anathemate
935 2239 1094 2313 Iericho.

163 2341 265 2414 Cum
286 2270 478 2412 audissent
492 2337 563 2410 lilii
589 2335 727 2428 Israel,
753 2335 849 2410 filios
872 2336 1005 2410 Ruben
1024 2343 1063 2408 et
1082 2327 1625 2423 Gad‘aedtfictssesibi10„..2.

109 2439 252 2528 altare,
268 2447 528 2511 convenerunt
543 2459 672 2506 omnes
695 2447 824 2506 contra
850 2457 933 2520 eos,
958 2437 996 2503 et
1013 2425 1190 2506 dimicare
1209 2433 1423 2508 voluerunt.

164 2534 388 2626 Congregati
404 2543 494 2602 sunt
509 2554 639 2602 omnes
659 2525 728 2602 lilii
750 2525 881 2620 Isradl,
907 2529 1015 2623 quasi
1042 2529 1105 2602 vir
1130 2528 1321 2620 unus,‚ad
1348 2529 1475 2604 vindi·
1491 2568 1578 2620 Μὴ,
1591 2583 1628 2639 ¹9·

110 2627 282 2700 candum
314 2624 575 2720 gravissimum
600 2623 741 2718 scelus,
763 2623 865 2721 quod
890 2624 1153 2697 commiserant
1173 2627 1250 2700 viri
1275 2623 1321 2697 de
1348 2625 1476 2698 Gabaa
1491 2644 1573 2690 etro·

110 2722 317 2817 Beniamin
344 2745 412 2815 pro
438 2745 557 2794 uxore
583 2719 733 2794 Levitae.

111 2913 136 2988 f
166 2815 408 2983 Confidepter
430 2817 552 2912 arguit
566 2815 667 2890 Elias
687 2827 874 2890 errantem
893 2814 1097 2914 populum,
1117 2828 1155 2889 et
1172 2816 1377 2892 sacerdotes
1388 2816 1477 2889 Baal
1492 2837 1518 2890 a.
1531 2839 1595 2905 neg.
1611 2827 1651 2887 ιθ.

131 2913 210 2986 ecit
235 2915 309 2984 occi
339 2913 362 2984 i.

38 3049 41 3054 -
166 3005 428 3107 Reprclrensus
450 3019 506 3106 est
528 3003 676 3107 Xchab,
692 3033 736 3076 eo
750 3003 851 3096 quod
867 3003 1042 3108 Benadad
1058 3027 1181 3108 regem
1197 3001 1335 3095 Syrien,
1349 3009 1477 3078 virum
1493 3037 1519 3087 a.
1533 3037 1598 3104 neg.
1611 3049 1653 3086 20.

9 3139 11 3148 κ
115 3103 245 3171 morte
272 3089 449 3183 dignum,
475 3093 674 3161 indiscrete
700 3100 836 3161 vivum
858 3097 1028 3248 permisit
1054 3095 1165 3162 abire.
1571 3115 1573 3118 ·

168 3187 356 3277 Quamvis
382 3208 452 3258 rex
476 3184 589 3256 lsrael
610 3179 709 3254 Jehu
738 3180 859 3274 specia
873 3181 945 3250 iter
966 3179 1040 3274 fuit
1066 3183 1208 3270 malus,
1236 3195 1364 3256 tamen
1384 3189 1512 3295 mul-4

113 3298 208 3360 tum
234 3277 535 3367 commendatur,
554 3301 597 3348 eo
612 3273 712 3372 quod
731 3296 858 3346 semen
878 3271 1012 3344 domus
1023 3267 1151 3344 Achab
1168 3273 1328 3368 delevit,
1348 3291 1384 3360 et
1395 3307 1477 3374 pro-

114 3374 366 3479 phetas-Baal
391 3373 548 3465 occidit,
572 3385 609 3444 et
626 3369 743 3442 aedem
765 3369 883 3463 ipsius
914 3365 1003 3438 Baal
1025 3366 1223 3441 destruxit.
1438 3464 1440 3468 Ι

170 3471 334 3569 Spiritus
359 3469 509 3544 Domini
538 3465 664 3539 induit
690 3462 904 3536 Zachariam
931 3461 1052 3534 filium
1074 3461 1215 3559 Jojadae
1243 3471 1281 3537 et
1309 3463 1410 3539 stetit
1436 3471 1475 3543 in
1495 3509 1613 3562 mm·
1628 3511 1660 3579 ,4

115 3582 329 3676 conspectu
350 3564 478 3662 populi
500 3561 735 3656 sculptilibus
759 3558 973 3650 servientis,
998 3569 1036 3630 et
1053 3557 1152 3631 dixit
1176 3583 1183 3626 :
1213 3561 1338 3648 Quare
1356 3573 1480 3635 trans-
1662 3541 1672 3566 ’

119 3661 328 3761 gredrmini
377 3671 574 3752 raeceptum
600 3651 786 3728 Domini?
801 3653 901 3748 quod
916 3653 1024 3728 vobis
1043 3678 1120 3726 non
1141 3653 1328 3750 proderit:
1357 3669 1394 3730 et
1415 3658 1480 3731 de·

114 3757 351 3852 reliquistis,
389 3755 575 3843 ominum,
595 3762 640 3822 ut
657 3749 930 3842 derelinqueret
955 3747 1061 3821 vos'l
1493 3777 1499 3786 ·

172 3850 345 3924 Audiens
370 3850 506 3922 Esdras
538 3845 728 3938 sacerdos,
758 3844 907 3916 Judaeos
931 3868 1017 3916 cum
1041 3845 1212 3940 gentibus
1243 3845 1479 3920 matrimonia
1495 3906 1515 3942 1,
1528 3890 1623 3960 Μ’,

116 3943 345 4109 oopuldssed,
370 3969 466 4017 m1ro
491 3942 602 4015 modo
619 3940 760 4035 doluit,
782 3951 819 4012 et
844 3956 992 4035 gemens
1008 3939 1223 4036 peciolam,
1247 3941 1351 4037 signa
1371 3941 1476 4024 dolo-

115 4047 175 4116 ris
206 4052 312 4111 osten
340 4040 380 4110 it.

171 4132 319 4208 Videns
341 4129 538 4204 Nehemias
564 4131 713 4204 Judseos
732 4127 909 4204 ducentes
924 4155 1063 4204 uxores
1085 4130 1329 4226 alienigenos,
1345 4132 1476 4229 objun
1493 4150 1591 4202 amu.
1608 4151 1647 4205 u.
1705 4215 1709 4224 ,

117 4232 233 4332 gavit
256 4253 340 4318 eos,
361 4239 398 4298 et
425 4226 639 4318 maledixit,
656 4225 868 4298 verberavit
894 4225 1036 4334 aliquot
1057 4237 1094 4297 et
1115 4223 1326 4301 decalcavit.

172 4325 352 4400 Surrexit
374 4319 600 4397 Mathathias
620 4331 659 4395 et
683 4317 783 4394 dim
801 4344 809 4388 :
830 4319 896 4396 Vae
919 4319 1010 4490 mipi
1038 4320 1045 4389 !
1075 4331 1118 4393 ut
1143 4321 1235 4419 quid
1257 4333 1369 4398 uatus
1391 4345 1475 4398 sum
1497 4361 1521 4400 ι.
1532 4345 1617 4401 meu
1627 4363 1656 4412 α,
1741 4391 1743 4402 .

319 4465 322 4472 ·
1016 4424 1033 4489 t
1062 4439 1084 4488 2

1515 3231 1595 3298 ὡς.
1615 3246 1655 3280 ιο.
1785 3279 1788 3284 .
