4498 5462
450 427 716 518 TITULUS
755 430 904 518 XCIX.
938 427 1167 516 Miracula.
1428 428 1503 516 185

153 655 243 752 gogd
267 653 485 730 Iudaeorum
497 659 629 754 ejecto,
639 669 703 730 tan
731 657 808 730 ‘tur
818 659 933 730 Marci
944 656 1083 752 primo,
1098 655 1209 728 Lucae
1225 665 1369 750 quarto.
1393 655 1447 726 Et·
1465 652 1511 726 de

149 753 225 824 fitia
247 751 415 826 mulieris
439 753 660 828 Chananaeae
678 779 699 826 a
738 754 957 826 instantiam
974 753 1105 826 matris
1129 751 1275 844 sanati,
1296 749 1429 823 Matth.
1456 750 1509 821 15.

196 849 293 922 Tum
313 862 349 922 ct
367 849 576 922 secundam
590 851 752 923 litteram
771 849 1086 942 narratur‚Lucae
1103 860 1253 940 octavo,
1265 849 1416 944 ejecisse
1433 871 1511 942 sep-

146 955 223 1019 tem
242 943 426 1020 daemonia
442 945 488 1018 de
508 947 634 1018 Maria.
655 949 703 1018 Et
718 945 791 1018 hoc
806 948 931 1040 ipsum
944 946 1084 1018 dicitur
1094 946 1209 1018 Marci
1225 944 1369 1016 decimo
1390 953 1509 1015 sexto.

197 1041 290 1114 Cum
317 1068 446 1116 socrus
464 1042 625 1114 Simonis
649 1053 841 1114 teneretur
861 1042 1005 1136 magnis
1029 1040 1214 1134 febribus,
1231 1041 1431 1136 imperavit
1452 1037 1510 1109 Je·
1529 1062 1612 1114 utre.
1632 1079 1657 1114 ι.

147 1161 211 1209 sus
232 1137 348 1228 febri,
367 1151 404 1210 et
426 1135 607 1208 continui)
628 1163 803 1232 surgens,
826 1137 1062 1211 ministrabat
1083 1139 1146 1209 eis.
1526 1135 1590 1187 Luc.
1609 1135 1635 1202 l·

195 1234 451 1329 Paralyticum
475 1255 542 1326 per
559 1231 702 1324 tegulas
724 1245 761 1304 et
786 1244 928 1314 tectum
952 1233 1153 1306 demissum
1178 1234 1335 1308 sanavit.
1525 1205 1671 1346 pascum,

197 1326 457 1424 Ilydropicum
483 1351 649 1421 quoque,
667 1327 759 1400 dum
778 1328 937 1400 Sabbato
954 1329 996 1399 in
1017 1325 1128 1398 domo
1145 1327 1325 1402 Pharisaei
1346 1324 1510 1402 comede·
1525 1356 1590 1410 Luc.
1613 1358 1653 1408 13.

147 1423 224 1514 iet,
243 1423 556 1532 incurvatamque
586 1423 800 1516 mulierem,
826 1447 896 1494 nec
918 1448 1069 1496 sursum
1096 1425 1277 1520 respicere
1302 1422 1509 1514 valentem,
1527 1430 1625 1554 {aa}
1646 1437 1687 1548 ξ’·

147 1528 279 1588 erexit.
1199 1547 1228 1582 ·.
1560 1523 1572 1551 ³
1620 1535 1628 1552 ·
1666 1532 1674 1549 ·

192 1612 391 1683 Hominem
415 1635 571 1684 manum
593 1611 736 1685 aridam
758 1611 978 1705 habentem,
1000 1611 1203 1688 extendere
1225 1611 1324 1686 fecit.
1527 1580 1613 1704 inoffi
1631 1595 1658 1717 Ξ]

163 1802 170 1817 ¹
192 1707 347 1780 Sanavit
370 1731 521 1804 quoque
538 1709 655 1784 verbo
671 1735 824 1784 servum
842 1709 1098 1804 centurionis,
1114 1712 1181 1808 qui
1197 1711 1342 1808 jacebat
1359 1708 1512 1808 paraly-
1529 1726 1627 1778 uarat.
1644 1745 1672 1798 9.

142 1813 251 1876 trcus.

192 1901 289 1971 Item
312 1897 470 1970 surdum
492 1897 581 1973 fecit
604 1901 748 1994 audire,
773 1914 810 1974 et
832 1915 983 1978 mutum
1005 1903 1121 2002 loqui.

186 1993 333 2162 filium
368 1992 488 2089 reguli
522 1993 569 2066 de
600 1995 882 2090 Capharnaum,
908 2000 1151 2093 incipientem
1178 1999 1293 2091 mori,
1317 1997 1364 2070 ad
1391 1999 1513 2074 vitam
1530 2037 1614 2088 Mare.
1634 2031 1687 2086 5..
1731 2085 1735 2096 .

141 2115 185 2165 re
213 2103 310 2162 uxrt.

144 2185 363 2354 finflluxum
382 2185 574 2278 sanguinis
590 2185 632 2258 in
654 2185 809 2261 muliere
824 2186 1115 2262 haemorrltoissa
1130 2213 1272 2262 cessare
1298 2186 1388 2261 tecit
1409 2198 1514 2260 tactu
1532 2231 1630 2284 Mb,
1651 2229 1677 2282 g,
1749 2213 1751 2220 ’

239 2303 316 2351 rtae.

195 2375 429 2470 Tempestate
450 2372 576 2452 valida
594 2373 635 2446 in
658 2377 771 2468 mari,
789 2377 870 2472 ipso
892 2377 1119 2466 dormiente,
1138 2375 1343 2470 commoti,
1355 2379 1515 2473 impera·
1531 2431 1606 2484 Marc
1635 2427 1662 2496 4·

142 2471 204 2548 vit
228 2471 373 2560 ventis,
400 2470 602 2566 statimque
624 2472 732 2544 venti
755 2484 791 2543 et
817 2497 919 2545 marc
943 2471 1124 2546 obediunt
1147 2474 1193 2545 ei.
1434 2465 1444 2486 ⁴
1609 2463 1616 2480 ’

193 2567 413 2643 AmbulaVIt
424 2565 616 2664 discipulis
628 2565 902 2638 admirantibus
915 2593 1028 2662 supra
1039 2593 1155 2657 marc,
1169 2579 1205 2637 et
1216 2569 1370 2640 Petrum
1385 2571 1515 2642 ambu-
1532 2607 1630 2659 Μ,
1646 2604 1686 2672 ,4,

140 2665 221 2738 lare
230 2659 317 2734 fecit
327 2689 440 2758 super
451 2661 641 2754 eodem‚et
652 2662 894 2758 incipientem
907 2662 1511 2758 mergi,manuextensalsalvavit.

192 2756 400 2832 Pulchrum
428 2759 660 2832 miraculum
694 2757 862 2831 ostendit·
889 2757 963 2844 illis
990 2759 1113 2834 tribus
1149 2757 1341 2855 discipulis
1372 2760 1414 2831 in
1445 2783 1513 2831 sua
1531 2805 1628 2858 Mu„
1642 2821 1681 2874 ¹7·
1742 2801 1752 2813 =

140 2855 482 2952 transfiguratione.
1137 2859 1141 2864 ’
1530 2875 1613 2926 Marc.
1636 2891 1664 2941 9.

192 2953 286 3026 Item
309 2954 478 3050 quinque
495 2951 657 3048 panibus
679 2962 716 3024 et
745 2940 894 3026 duobus
918 2951 1082 3046 piscibus
1105 2953 1197 3048 quin
1227 2975 1275 3024 ue
1298 2949 1416 3024 millia
1440 2947 1512 3023 Iro-
1530 2983 1627 3035 Mna„
1652 2979 1692 3050 nt·

140 3049 292 3121 minum
319 3053 488 3136 satiavit,
511 3060 548 3119 et
568 3048 706 3120 sublati
735 3049 893 3138 fuerunt
915 3047 1113 3120 duodecim
1134 2977 1299 3143 coplini.
1528 3054 1611 3104 nare.
1630 3051 1658 3102 6·

197 3141 369 3227 Quatuor
385 3140 500 3208 millia
517 3140 717 3209 hominum
730 3141 802 3210 atta
817 3146 900 3214 vice
920 3142 1050 3212 relecti
1072 3143 1118 3212 de
1140 3155 1279 3237 septem
1291 3144 1452 3237 panibus
1472 3155 1510 3216 et
1529 3189 1612 3240 Marc.
1637 3185 1663 3240 3,

142 3233 275 3336 paucis
304 3231 514 3328 pisciculis,
547 3230 826 3327 superfuerunt·
846 3243 986 3324 septem
1017 3246 1161 3326 sportae.
1692 3251 1695 3258 ·

197 3329 302 3403 Idem
319 3327 436 3401 ficum
457 3323 661 3398 habentem
679 3325 769 3398 folia
791 3329 871 3398 stne
888 3324 1017 3400 fructu
1035 3325 1247 3422 maledixit,
1272 3338 1309 3401 et
1330 3333 1512 3402 continuo
1529 3375 1628 3428 M„
1655 3391 1692 3428 2,
1749 3327 1753 3334 ’

141 3429 257 3505 aruit
1694 3471 1698 3486 .

195 3515 434 3609 Auriculam,
456 3541 524 3614 per
547 3517 703 3589 Petrum
735 3539 843 3590 servo
871 3515 1052 3613 principis
1079 3530 1327 3611 amputatam,
1353 3517 1512 3612 benigne
1529 3539 1593 3592 tue.
1613 3555 1657 3593 υ.

139 3617 331 3708 restituit,
352 3627 389 3687 et
408 3617 562 3687 Petrum
588 3638 700 3708 super
715 3609 789 3684 hoc
809 3613 1029 3706 increpavit.
1071 3670 1078 3676 .

196 3713 292 3786 Cum
313 3723 440 3784 autem
458 3710 629 3786 Salvator
644 3707 822 3805 penderet
837 3709 879 3780 in
894 3730 1021 3802 cruce,
1034 3731 1055 3776 a
1070 3717 1176 3778 sexta
1193 3703 1288 3779 hora
1303 3704 1376 3780 diei
1393 3729 1513 3802 usque
1530 3713 1629 3766 Mttth·
1649 3727 1699 3784 ²7·

139 3810 195 3886 ad
209 3809 341 3882 horam
355 3833 511 3900 nonam,
525 3807 688 3880 tenebrae
701 3805 808 3878 factae
822 3816 911 3876 sunt
927 3828 995 3900 per
1009 3801 1226 3878 universam
1238 3814 1390 3895 terram,
1404 3803 1513 3876 Luna

138 3909 333 3986 existente
349 3903 492 3978 decima
508 3904 656 4000 quinta,
674 3914 710 3974 et
730 3903 770 3973 in
793 3913 899 3997 parte
919 3899 1003 3973 coeli
1024 3902 1208 3996 opposita,
1224 3902 1278 3973 ita
1298 3911 1340 3972 ut
1363 3898 1422 3972 sot
1444 3925 1510 3994 per

81 4049 87 4058 ,
136 4004 250 4082 illam
267 4005 416 4076 Lunam
431 4001 648 4092 nullatenus
665 3997 829 4094 potuerit
846 3997 1041 4097 eclypsari.
1061 3999 1110 4070 Et
1125 3997 1254 4074 vetum
1272 3995 1402 4094 templi
1423 3996 1509 4070 scis·

135 4125 232 4182 sum
256 4112 330 4191 est,
356 4111 394 4172 et
417 4109 662 4265 monumerqa
684 4105 840 4191 aperta,
1372 4181 1377 4189 ι
1553 4138 1556 4148 ·

195 4195 423 4290 Resurgente
444 4195 607 4268 Domino
649 4217 741 4266 errae
765 4199 890 4266 motus
920 4189 1042 4265 factus
1074 4201 1130 4263 est
1151 4216 1318 4286 magnus.
1342 4187 1506 4286 Angelus
1527 4198 1625 4258 Metu.
1650 4198 1693 4253 aa

136 4293 301 4368 Domini
338 4290 528 4366 descendit
558 4291 603 4366 de
638 4289 753 4384 coelo,
779 4301 816 4362 et
844 4288 1020 4362 accedens
1053 4287 1216 4363 revolvit
1247 4285 1407 4388 lapidem
1436 4297 1510 4360 etc.r

137 4389 231 4473 Prae
249 4390 384 4468 timore
406 4401 533 4470 autem
560 4387 733 4471 exterriti
749 4397 840 4468 sunt
861 4383 1042 4490 custodes.
1123 4479 1157 4559 A

1180 4503 1204 4556 a
