4452 5462
691 508 770 594 302
830 497 1096 590 TlTULUS
1126 489 1319 582 CLXlV.
1352 477 1550 604 Suspicio
1572 498 1616 564 et
1644 473 1884 588 judicium,
1917 503 2004 573 etc,

703 622 2055 664 ..m-“ffl-

739 728 843 803 Misit
872 725 994 802 David
1015 721 1176 796 nuncios
1199 717 1245 791 ad
1266 739 1389 814 regem
1403 715 1586 800 Ammon,
1609 718 1655 782 ut
1670 713 1958 786 consolarentur
1970 740 2058 791 eum

694 852 806 924 super
826 824 942 922 patris
972 820 1140 894 interitu.
1169 815 1361 910 Principes
1393 821 1523 884 autem,
1544 805 1647 878 illius
1668 815 1934 900 putaverunt,
1956 813 2060 908 quod

692 923 886 1000 venissent
902 917 948 990 ad
964 913 1234 1013 explorandam
1255 911 1446 985 civitatem
1460 928 1559 996 ‚non
1572 901 1618 974 ad
1632 899 1908 980 consolandum
1923 933 2059 1002 negem.

741 1021 946 1112 Postquam
964 1037 1035 1084 rex
1055 1014 1240 1083 Assuerus
1261 1006 1435 1080 turbatus
1458 1000 1533 1072 fuit
1552 1010 1682 1072 contra
1700 997 1848 1095 Aman,
1869 1015 1906 1076 et
1924 1003 1985 1076 ille
1999 1007 2060 1100 ja-

699 1116 804 1190 cebat
823 1137 934 1208 super
949 1107 1089 1182 lectum
1099 1104 1237 1178 Esther
1258 1101 1305 1174 ad
1324 1097 1530 1195 rogandum
1548 1120 1629 1167 eam
1645 1119 1715 1190 pro
1736 1101 1865 1171 anima
1881 1125 1968 1192 sua,
1984 1102 2059 1173 im-

695 1209 822 1310 posuit
839 1208 874 1280 ei
902 1231 995 1298 rex,
1025 1201 1126 1300 quod
1147 1202 1227 1296 ipso
1250 1206 1432 1296 praesente
1458 1190 1622 1304 voluerit
1644 1192 1816 1302 reginam
1837 1197 2057 1293 opprimere.

745 1309 847 1379 Dum
858 1295 978 1378 'vellet
1009 1300 1187 1372 Jcremias
1211 1297 1266 1368 ire
1289 1292 1336 1365 ad
1363 1303 1498 1364 terram
1522 1289 1748 1382 Banamm,
1776 1315 1858 1364 com
1887 1291 2062 1366 rulrendit

699 1429 786 1478 eum
813 1411 939 1473 custos
961 1407 1101 1493 portae,
1126 1405 1164 1466 et
1188 1389 1368 1489 imposuit
1389 1387 1448 1478 ei,
1479 1381 1580 1481 quod
1596 1383 1742 1478 fugeret
1760 1387 1806 1460 ad
1828 1319 2034 1462 Chaldaeos.

499 1531 596 1582 terem.
616 1525 658 1592 tt.
747 1496 959 1570 Nunciante
985 1489 1164 1565 ieremias
1186 1513 1253 1586 pro
1279 1487 1368 1558 heta
1385 1481 1621 1558 voluntatem
1644 1481 1796 1556 Domini
1823 1484 1962 1580 populo
1984 1497 2064 1558 tcr-

700 1619 774 1686 rac,
802 1591 869 1688 qui
888 1599 1116 1676 remanserat
1139 1597 1222 1682 post
1242 1515 1532 1656 ‹hstructionem
1550 1577 1754 1652 Jerusalem
1765 1635 1775 1672 ,
1797 1579 1976 1654 dixerunt
1996 1583 2057 1652 ei:

701 1689 939 1764 Mendacium
968 1697 1012 1757 tu
1045 1682 1234 1780 loqueris,
1271 1703 1347 1752 non
1383 1690 1420 1750 te
1447 1675 1550 1747 misit
1582 1673 1783 1764 Dominus,
1808 1673 1872 1746 sed
1898 1675 2052 1783 Daruch

701 1785 802 1858 filius
833 1782 953 1852 Neiiae
979 1779 1152 1850 incitavit
1182 1790 1219 1848 te
1243 1775 1443 1852 aduersum
1470 1795 1564 1866 nos,
1598 1781 1643 1842 ut
1669 1767 1786 1844 tradat
1804 1795 1874 1842 nos
1900 1793 1944 1843 ιιι
1967 1794 2054 1842 ma-

702 1903 777 1952 nus
804 1873 1075 1948 Chaldaeorum.

432 2013 454 2021 ·<
504 2011 529 2048 a.
543 1989 668 2046 meno.
753 1973 946 2060 Tortores,
988 1969 1055 2064 qui
1086 1965 1308 2040 Eleazarum
1336 1963 1523 2038 ducebant
1553 1961 1600 2036 ad
1626 1959 1874 2058 supplicium,
1899 1962 2062 2046 initam

704 2068 807 2144 versi
833 2078 923 2138 sunt
946 2076 1098 2160 propter
1125 2080 1312 2136 sermones
1341 2061 1388 2134 ab
1411 2086 1455 2136 eo
1482 2058 1626 2152 dictos,
1659 2084 1753 2154 quos
1780 2057 1837 2132 illi
1866 2085 1933 2158 per
1959 2084 2063 2134 arru-

707 2163 871 2260 gantiam
901 2159 1019 2234 dictos
1046 2159 1336 2232 arbitrabantur.

505 2259 603 2314 Matth·
625 2257 667 2325 ¹t·
754 2257 935 2331 Videntes
955 2255 1130 2352 discipuli
1158 2279 1271 2351 supra
1297 2279 1399 2328 mare
1428 2252 1635 2326 Dominum
1656 2251 1931 2347 ambulantem,
1957 2263 2066 2352 puta-

506 2333 589 2382 ΜΝ·
611 2326 638 2378 ⁶'
707 2367 848 2432 vemat
873 2352 1096 2451 phantasma
1117 2377 1196 2424 esse
1245 2363 1282 2424 et
1307 2375 1383 2455 prae
1401 2353 1536 2423 timore
1559 2349 1829 2424 clamaverunt.

504 2473 571 2524 Luc.
589 2487 615 2540 7·
757 2451 884 2526 Simon
910 2448 1123 2522 Pharisaeus
1150 2405 1284 2522 videns
1307 2446 1502 2521 mulierem
1525 2445 1766 2543 peccatricem
1788 2447 1836 2519 ad
1858 2448 1968 2544 pedes
1988 2449 2066 2520 Do-

707 2547 804 2621 mini
825 2545 1001 2639 flentem,
1022 2545 1076 2617 ait
1092 2546 1193 2618 intra
1213 2569 1252 2617 se
1280 2543 1430 2618 dicens:
1450 2543 1520 2616 Hic
1543 2544 1575 2617 si
1597 2554 1693 2617 esset
1706 2543 1913 2642 propheta,
1934 2547 2067 2638 sciret,

708 2643 829 2740 qualis
854 2655 970 2736 esset,
996 2653 1064 2714 etc.

756 2737 814 2812 Ad
840 2735 941 2832 hoc,
971 2736 1072 2834 quod
1099 2735 1228 2811 nullus
1250 2736 1296 2811 de
1324 2761 1362 2811 se
1383 2735 1456 2809 alte
1473 2739 1630 2828 sentiat,
1655 2761 1725 2810 nec
1743 2707 1838 2810 male
1860 2737 1999 2810 sentiat
2018 2735 2067 2808 de

707 2833 856 2930 aliquo,
886 2833 1048 2906 multum
1075 2835 1177 2910 valet
1194 2832 1433 2931 exemplum,
1454 2829 1556 2930 quod
1577 2831 1723 2906 adducit
1739 2832 1906 2906 Salvator
1920 2831 1967 2902 de
1978 2833 2065 2923 jac-

707 2940 811 3000 tante
831 2929 869 2996 se
890 2929 1079 2998 Pharisaeo
1096 2943 1133 3000 et
1151 2929 1289 3000 humili
1315 2928 1526 3024 publicano·

754 3015 935 3090 Videntes
969 3016 991 3088 J
995 3017 1092 3092 udaei
1117 3021 1312 3116 Apostolos
1332 3025 1516 3118 Domini,
1551 3033 1631 3121 post
1658 3019 1877 3094 effusionem
1895 3016 2063 3116 Spiritus

708 3112 850 3206 Sancti,
873 3113 1069 3212 loquentes
1096 3117 1212 3192 variis
1233 3117 1399 3217 linguis,
1425 3120 1598 3194 dicebant
1624 3117 1776 3218 quidam
1797 3140 1953 3192 eorum:
1975 3116 2072 3213 qnia

706 3221 831 3283 musto
855 3210 959 3307 pleni
988 3225 1088 3285 sunt.
1840 3259 1843 3266 ·

756 3307 894 3380 Omnes
914 3305 1090 3406 discipuli
1117 3309 1259 3386 Christi
1279 3311 1462 3397 timebant
1489 3312 1643 3388 Saulum
1672 3324 1756 3409 post
1783 3311 2073 3385 conversionem

707 3427 839 3497 suam,
869 3429 948 3477 non
979 3406 1194 3500 credentes,
1226 3409 1329 3511 quod
1355 3422 1451 3482 esset
1473 3409 1702 3506 discipulus,
1735 3407 1853 3482 donec
1879 3406 2074 3482 Barnabas

707 3497 821 3572 duxit
845 3497 954 3572 illum
977 3501 1023 3573 ad
1045 3503 1261 3600 Apostolos,
1287 3518 1323 3580 et
1350 3507 1518 3581 narravit
1541 3505 1639 3601 illis,
1658 3503 1847 3602 quomodo
1864 3507 1907 3577 in
1923 3501 1992 3579 vit
2010 3503 2078 3577 vi-

707 3593 823 3667 disset
856 3596 1084 3692 Dominum,
1122 3613 1159 3674 et
1185 3601 1373 3698 quomodo
1401 3603 1444 3677 in
1471 3603 1653 3678 Damasco
1678 3601 1903 3675 fiducialiter
1927 3601 2009 3696 egit
2035 3601 2081 3674 in

707 3692 860 3764 nomine
879 3692 1032 3767 Domini
1058 3693 1158 3770 Jesu.
1408 3697 1420 3717 ''

511 3789 602 3846 actor.
620 3807 658 3843 2¹·
759 3787 952 3860 Tribunus
970 3791 1126 3888 Lysias,
1156 3793 1288 3868 videns
1308 3795 1467 3870 Paulum
1488 3822 1510 3870 a
1531 3795 1672 3870 ludaeis
1697 3805 1777 3868 tam
1803 3791 1898 3866 male
1915 3793 2086 3868 tractari

711 3883 887 3976 quaesivit
913 3885 968 3956 ab·
982 3911 1025 3958 eo
1048 3913 1056 3957 ε
1081 3885 1214 3961 Nonne
1244 3902 1288 3963 tu
1310 3917 1348 3965 es
1372 3893 1592 3991 AEgyptius,
1611 3894 1679 3989 qui
1698 3904 1785 3964 ante
1807 3889 1874 3962 hos
1896 3887 1984 3962 dies
2014 3903 2089 3966 tu-

712 3977 874 4090 multum
896 3983 1110 4077 concitdsti,
1136 3997 1173 4057 et
1199 3983 1366 4062 eduxisti
1382 3989 1424 4064 in
1445 3989 1635 4064 desertum
1656 3999 1819 4086 quatuor
1832 3983 1960 4060 millia
1973 3988 2089 4064 viru·

711 4098 797 4146 rum
820 4074 1079 4150 sicariorum?
1169 4132 1177 4156 ι

713 4265 721 4282 ι
761 4171 815 4280 [lt
838 4169 1016 4282 viderunt
1038 4174 1191 4249 Barbari
1217 4176 1453 4273 pendentem.
1466 4182 1636 4278 viperam
1656 4181 1700 4253 in
1726 4201 1844 4254 manu
1865 4175 2012 4272 Pauli,
2041 4181 2091 4254 ad

709 4291 872 4340 mvrcem
899 4266 1102 4342 drcebant:
1135 4274 1276 4370 Utique
1302 4273 1491 4350 homicida
1519 4275 1634 4351 homo
1657 4289 1713 4352 est
1734 4275 1809 4350 hic.
1837 4273 1889 4347 Et
1914 4277 2092 4352 aestima·-

709 4361 820 4531 bam·t
836 4385 923 4434 eum
955 4366 998 4440 in
1031 4378 1215 4447 tumorem
1251 4373 1572 4471 convertendum,
1605 4385 1643 4451 et
1673 4373 1804 4454 subito
1829 4393 2027 4456 casurum
2055 4383 2092 4451 et

708 4480 803 4532 mon
821 4481 944 4532 urum.

491 801 518 838 α.
536 785 599 850 lieg·
614 795 655 830 ιο.

493 1057 597 1114 Esther.
616 1071 641 1124 7·

496 1343 593 1393 torem.
613 1338 655 1406 37.
