4452 5462
196 440 464 576 murus
494 389 746 528 ccxxvii
776 437 977 527 versum
1011 438 1100 528 ua
1131 442 1298 556 passe.
1332 463 1412 532 aa.
1441 445 1521 530 323

170 668 305 744 iratres
326 670 422 760 mei,
443 666 559 744 nolite
578 665 723 742 malum
749 665 823 746 boe
837 666 959 742 farere
975 689 987 736 a
1006 671 1068 744 cui
1088 669 1144 744 illi
1160 671 1428 744 oontumaciter
1450 696 1525 745 res-

168 765 406 876 ponderant:
429 763 569 838 Reoede
589 761 693 836 illuc.
711 763 809 836 Hinc
827 773 953 859 patet,
974 765 1074 860 quod
1090 769 1257 862 perversi
1274 763 1421 840 difficile
1441 791 1525 840 cor-

168 871 517 1052 riglpplperqucoessit
542 952 680 1043 Jacob,
698 954 766 1048 qui
784 956 975 1051 acquievit
1003 933 1166 1028 consiliis
1188 959 1317 1030 matris
1341 981 1427 1030 suec.
1486 1039 1489 1048 q
1543 974 1612 1026 ceu.
1627 987 1668 1042 η.

217 1049 384 1122 Audiens
408 1048 540 1120 Ruben
565 1049 697 1143 iniqua
719 1047 880 1121 fratrum
903 1051 1020 1124 verba
1042 1063 1171 1123 contra
1198 1051 1337 1146 loseph
1357 1105 1368 1141 ,
1386 1051 1492 1122 'dixit
1514 1077 1522 1120 ι
1542 1064 1609 1116 oen.
1625 1061 1667 1128 ³7·

62 1217 66 1223 ,
171 1144 257 1220 Non
279 1142 546 1216 interficiamus
568 1169 678 1221 eum,
698 1167 768 1216 nec
785 1143 1019 1217 effundamus
1044 1148 1262 1240 sanguinem
1285 1148 1376 1240 ejus
1407 1144 1537 1218 Judas'

167 1238 283 1309 etiarn
308 1237 512 1328 consuluit,
538 1237 638 1334 quod
665 1226 743 1310 non
767 1239 1019 1334 occideretur,
1039 1239 1108 1312 sed
1128 1239 1376 1332 venderetur,
1408 1251 1444 1312 et
1471 1242 1523 1312 sie
1597 1301 1600 1308 .

168 1331 301 1404 saltem
325 1333 451 1408 minus
469 1334 610 1406 malum
641 1334 946 1409 committeretur.

216 1426 329 1500 Soror
354 1427 479 1526 Moysi
503 1429 599 1500 bene
622 1429 749 1502 suasu
768 1428 855 1502 filias
880 1430 1106 1526 Pharaonis,
1133 1443 1177 1504 ut
1205 1429 1343 1508 mulier
1374 1429 1523 1504 hebraee
1540 1448 1624 1503 arou.
1643 1463 1669 1500 2.

169 1545 238 1618 pro
263 1523 466 1596 nutriendo
485 1523 644 1617 parvulo
671 1537 878 1598 vocaretur.
1553 1585 1557 1594 ·

194 1614 276 1721 ,Ad
310 1616 508 1687 utilitatem
532 1619 660 1710 populi
690 1631 727 1689 et
755 1619 1014 1694 allevationem
1037 1617 1183 1733 Moysi,
1200 1623 1309 1704 ,bene
1335 1620 1524 1698 consuluit
1541 1636 1630 1704 Enoc,
1644 1634 1686 1685 sa

166 1732 205 1783 el
233 1706 389 1801 lethro,
419 1721 463 1780 ut
477 1712 639 1782 minores
661 1712 805 1804 judices
834 1717 1076 1790 constitueret
1101 1743 1142 1790 1n
1163 1717 1312 1812 populo.
1392 1743 1394 1748 ’

216 1801 612 1874 Boua-exhortatione
644 1803 789 1896 Abigaii
817 1829 1025 1890 conversus
1055 1821 1110 1878 est
1138 1810 1264 1879 nsvin
1286 1835 1320 1874 a·
1336 1813 1527 1900 proposito
1544 1830 1691 1896 aragus

169 1893 356 1970 fundendi
386 1897 605 1990 sanguinem
628 1894 755 1967 Nabal.
1512 1935 1525 1968 s

219 1993 368 2066 Bonum
398 1988 597 2064 consilium
623 1989 725 2061 dedit
751 1990 877 2078 Abner
912 1989 1035 2064 Asaeli
1068 2015 1107 2064 se
1138 1992 1332 2086 sequenti,
1366 1993 1493 2064 dicens
1517 2021 1525 2065 :
1545 2045 1569 2079 2,
1583 1997 1687 2092 Bega

170 2084 257 2161 Noli
281 2111 342 2158 me
369 2085 496 2180 sequi,
523 2109 572 2155 ne
594 2083 850 2180 compellaris
879 2085 1079 2158 confodere
1089 2087 1131 2158 in
1144 2098 1293 2158 terram.
1309 2085 1421 2177 Quod
1437 2090 1526 2181 quia

171 2181 235 2258 ille
258 2180 388 2255 audire
411 2179 660 2276 contempsit,
682 2179 729 2250 ab
756 2177 886 2251 eodem
911 2181 1056 2253 occisus
1081 2193 1150 2254 est.
1216 2241 1220 2243 .

221 2277 430 2352 Consilium
458 2275 601 2348 bonum
620 2272 804 2347 dederunt
822 2275 985 2348 seniores
1011 2276 1173 2348 Roboam
1200 2275 1279 2348 filio
1304 2270 1524 2347 Salomonis.
1544 2301 1569 2354 3.
1583 2305 1644 2366 neg.
1660 2313 1704 2348 n.

174 2371 241 2447 ille
264 2373 414 2446 veroin
432 2369 573 2443 malum
600 2395 710 2446 suum
734 2370 922 2466 acquievit
948 2370 1103 2443 consilio
1119 2372 1328 2465 juniorum.
1603 2433 1606 2440 .

221 2467 318 2539 Cum
337 2465 503 2538 Naaman
525 2465 644 2562 Syrus
661 2464 708 2536 ad
727 2465 887 2538 verbum
908 2463 1032 2537 Etisai
1055 2471 1174 2538 abiret
1188 2465 1407 2560 indignans,
1425 2464 1529 2537 servi·
1544 2496 1639 2566 areg·
1656 2493 1681 2548 5.

173 2563 235 2636 sui
261 2573 460 2634 suaserunt
493 2560 549 2652 ei,
584 2572 629 2632 ut
662 2558 859 2656 Prophetae
891 2559 1109 2634 mandatum
1118 2551 1330 2656 impleret,
1366 2583 1528 2655 quorum
1702 2579 1705 2586 ¹

173 2658 327 2732 monitis
352 2655 551 2751 acquievit.
1435 2697 1437 2704 ι

222 2751 412 2842 Quamdiu
429 2750 536 2826 vixit
543 2751 673 2849 Jojada
687 2749 881 2845 Pontifex,
897 2754 964 2852 qui
979 2753 1074 2824 bene
1084 2751 1294 2825 instruebat
1309 2749 1394 2824 Joas
1406 2771 1530 2844 regem
1546 2770 1572 2837 4.
1582 2771 1646 2834 reg.
1661 2781 1702 2818 n.
1822 2759 1827 2767 '

173 2847 273 2920 luda
285 2845 449 2938 ,tamdiu
467 2846 542 2919 fuit
560 2847 623 2919 ille
641 2849 761 2921 bonus
782 2873 790 2918 τ
815 2872 891 2942 quo
911 2859 1082 2941 mortuo,
1099 2847 1221 2919 factus
1232 2859 1295 2919 est
1311 2847 1503 2941 pessimus.
1548 2856 1572 2890 ²·
1587 2835 1671 2887 P⁸¹³¹·
1682 2833 1727 2884 ²⁵·

223 2943 475 3014 Perrexerunt
488 2965 659 3014 cursores
680 2964 765 3013 cum
773 2941 960 3034 epistolis,
971 2968 1021 3008 ex
1033 2943 1128 3028 regis
1140 2940 1313 3008 Eaeehiae
1325 2942 1483 3025 imperio
1493 2947 1531 3010 et
1547 2949 1572 2984 ²·
1586 2927 1669 2984 ΡΜ·
1683 2931 1725 2981 ³¹*

202 3031 388 3122 rincipum
406 3036 510 3120 ejus,
527 3033 570 3100 in
586 3037 808 3105 universum
820 3031 934 3102 lsrael
945 3041 982 3100 et
999 3027 1157 3113 ludam,
1170 3022 1412 3116 praedicantes
1425 3051 1432 3094 :
1445 3027 1532 3100 Filii
1573 3061 1577 3070 ·

176 3056 293 3195 israel
303 3120 537 3194 revertimini
549 3119 595 3188 ad
606 3121 810 3190 Dominum
821 3119 943 3188 Deu'm
954 3114 1141 3185 Abraham
1153 3167 1164 3204 ,
1177 3125 1215 3184 et
1228 3115 1347 3206 Isaac,
1358 3120 1530 3211 etIsrael,
1621 3193 1623 3198 ,

168 3228 217 3288 et
243 3224 454 3290 revertetur
476 3207 523 3282 ad
542 3210 737 3304 reliquias,
759 3233 843 3304 quaa
855 3207 1069 3302 effugerunt
1089 3229 1224 3277 manus
1245 3209 1498 3303 Assyriorum.

229 3305 510 3382 AEdificantibus
533 3303 556 3376 J
557 3303 672 3376 udaeis
694 3301 898 3397 templum,
918 3301 1078 3374 reversis
1100 3298 1146 3370 de
1161 3299 1376 3395 Babylone,
1392 3303 1534 3378 exhor-
1551 3343 1574 3376 ι.
1588 3323 1651 3376 aad.
1663 3323 1693 3377 t.

179 3405 380 3494 tabuntur,
403 3413 441 3474 et
463 3397 692 3496 adjuvabant
714 3422 775 3469 eos
798 3397 953 3492 Aggaeus
976 3406 1013 3466 et
1033 3392 1228 3466 Zacharias
1255 3393 1459 3490 Prophetes.

150 3503 152 3506 ’
230 3497 452 3571 Desiderans
470 3493 639 3568 Neemias
660 3491 842 3566 aedificare
863 3495 906 3563 in
928 3489 1131 3563 Jerusalem
1148 3513 1324 3581 murum,
1347 3488 1447 3560 dixit
1466 3515 1533 3584 op-
1549 3513 1574 3551 2·
1588 3499 1651 3549 Fad-
1666 3513 1691 3551 a.

182 3593 375 3682 timetibus
405 3603 444 3664 ea
464 3589 740 3686 magistratibus
768 3589 1012 3682 :surgamus
1041 3596 1082 3656 et
1106 3581 1340 3658 aedificemus.
1371 3585 1421 3656 Et
1439 3607 1534 3656 con-

185 3688 330 3762 fortatae
357 3698 447 3760 sunt
468 3710 603 3760 manus
629 3709 760 3770 eorum
785 3685 827 3755 in
849 3681 958 3755 bono.
1323 3689 1325 3696 ‘
1557 3769 1559 3775 s

233 3783 291 3856 Ad
322 3782 621 3855 exhortationem
655 3777 815 3852 Neemiae
842 3779 893 3871 ii,
927 3779 994 3874 qui
1019 3801 1151 3851 ustuas
1172 3773 1400 3871 accipiebant
1424 3799 1532 3870 apo-
1549 3779 1684 3844 affl&

185 3878 299 3978 pulo,
317 3889 357 3950 et
377 3887 542 3970 acceptas
568 3875 743 3967 reddere,
769 3888 806 3948 et
827 3872 926 3948 ultra
942 3897 1021 3944 non
1047 3874 1210 3968 accipere
1227 3881 1505 3943 consenserunt.
1651 3963 1654 3973 .

234 3974 395 4062 Tobiae,
424 3972 466 4044 in
485 3971 698 4066 captivitate
715 3971 876 4068 positus,
896 3968 1069 4065 pergebat
1132 3991 1309 4058 ramnes,
1333 3967 1400 4060 qui
1425 3975 1531 4038 erant
1549 3983 1617 4035 rob.
1632 3997 1652 4034 ι.

186 4071 229 4142 in
247 4067 481 4232 εαρῐίνίῐέῑο,
503 4079 541 4138 et
562 4067 704 4138 monita
725 4065 854 4139 salutis
876 4063 986 4136 dabat
1003 4065 1066 4136 eis.
1100 4061 1185 4135 dem
1204 4063 1298 4134 bene
1314 4056 1531 4156 praedicavit

233 4165 373 4236 'osuu
431 4186 487 4232 a.
545 4163 687 4232 .et'1.

188 4163 336 4330 fihBene
360 4187 476 4330 cassii
490 4161 633 4347 Tibia,
654 4161 744 4349 lduis
764 4251 979 4370 Bapbaelis,
1006 4277 1119 4349 quem
1136 4250 1328 4324 hominem
1355 4249 1532 4344 putabat,
1551 4257 1620 4326 reis.
1633 4271 1660 4324 a

188 4353 351 4426 consiliis
373 4349 569 4446 acquievit.
592 4347 803 4446 specialiter
816 4375 857 4419 m
874 4351 1103 4422 extractione
1113 4347 1225 4443 piscis
1242 4357 1302 4444 ,et
1319 4350 1360 4422 in
1374 4341 1534 4442 petendo

185 4469 369 4544 uorem,
396 4459 433 4520 et
451 4443 497 4518 de
509 4443 746 4518 matrimonio
766 4441 939 4516 habendo
957 4467 1044 4606 esum
1064 4466 1121 4530 ea,
1304 4433 1327 4462 ”’

887 4571 892 4581 ·
1011 4555 1069 4602 so
