4502 5484
223 390 491 492 'I'I'I'ULUS
515 391 650 484 xxti.
676 391 855 482 Bonitas
876 394 965 482 Dei
995 417 1093 515 erga
1121 424 1218 484 suos
1242 397 1402 482 Servos.
1434 393 1487 498 43
1515 455 1517 460 -

194 625 291 698 Mira
314 634 395 698 erat
422 624 630 717 benignitas
657 622 701 697 ‘in
726 613 934 722 Salvatore‚
955 625 1022 718 qui
1050 615 1230 695 circuibat
1251 645 1386 696 sanans
1407 643 1489 692 om·
1506 649 1603 701 math.
1622 651 1647 716 4.
1698 613 1700 624 ¹

142 742 234 794 nem
271 719 334 791 lan
386 741 487 790 orem
520 730 558 790 et
594 741 742 791 omnem
772 718 1046 791 infirmitatemt
1078 716 1179 813 quod
1215 717 1290 790 nisi
1321 715 1489 812 fecisset,
1507 748 1571 800 Luc.
1590 749 1616 797 s,

146 813 261 886 multi
285 741 427 885 iniihi
452 811 623 884 accedere
649 813 695 884 ad
720 839 807 886 eum
831 839 909 885 non
939 813 1161 908 potuissent.

192 903 355 1003 ‘leproso
389 905 553 978 dicenti:
583 908 769 997 Domine,
796 908 828 980 si
863 909 952 999 vis,
977 921 1081 1002 potes
1109 931 1169 978 me
1199 906 1487 1002 mundare,'pie
1509 934 1604 988 nain.
1625 933 1650 986 a.

146 999 361 1111 respondit,
387 1012 424 1072 et
454 1000 611 1093 benigne
643 999 756 1093 fecit,
785 1001 990 1073 extendens
1028 1003 1130 1074 enirn
1161 1002 1269 1075 Jesus
1305 1023 1488 1092 menum,

145 1097 286 1190 tetigit,
307 1092 453 1166 dicens:
470 1092 566 1164 Volo
586 1093 776 1167 mundare.
800 1094 1009 1169 Sacerdotes
1031 1109 1156 1169 antem
1180 1088 1400 1190 hujusmodi
1419 1095 1491 1166 ho-

147 1189 271 1260 mines
299 1187 489 1259 habebant
522 1184 681 1258 horrori.
1411 1211 1413 1220 ¹

172 1281 330 1392 ‘Statim
356 1291 440 1376 post
457 1280 690 1354 vocationem
712 1281 878 1356 Matthaei
897 1282 1091 1355 discubuit
1105 1284 1289 1354 Dominus
1311 1282 1354 1353 in
1378 1281 1490 1352 domo
1511 1285 1651 1378 insin,

146 1395 169 1448 Β
186 1399 242 1446 DS·
665 1421 670 1430 ·

169 1401 294 1544 lCum
317 1470 523 1552 secessisset
544 1471 726 1544 Dominus
748 1473 790 1542 in
811 1471 1025 1563 desertum,
1046 1469 1143 1544 vidit
1163 1471 1313 1542 turbam
1335 1469 1493 1542 multam
1511 1497 1594 1546 nare.
1612 1491 1637 1546 5.

146 1573 186 1634 et
206 1564 383 1635 misertus
404 1576 460 1634 est
482 1566 563 1636 e‘us
579 1619 589 1655 ,
606 1577 643 1635 et
665 1567 810 1638 curavit
827 1565 1022 1660 languidos
1036 1590 1180 1638 eorum:
1199 1589 1352 1658 vespere
1368 1574 1493 1635 autern

108 1679 113 1692 ·
147 1653 268 1765 iacto,
285 1656 466 1729 dixerunt
484 1591 577 1731 disci
602 1659 678 1730 uli:
696 1660 849 1732 Dimitte
865 1661 1031 1750 turbam,
1047 1660 1155 1732 Jesus
1173 1669 1298 1730 autem
1312 1670 1495 1752 tanquam

146 1749 449 1842 liberalissimus,
476 1754 529 1824 ait
568 1753 658 1825 'lisz
683 1754 775 1826 Date
797 1755 850 1825 eis
876 1779 946 1827 vos
976 1753 1211 1827 manducare.

196 1846 329 1916 Petrus
351 1845 532 1939 incipiens
554 1849 692 1940 mergi,
707 1849 883 1922 clamavit
905 1849 1052 1922 dicens:
1080 1851 1238 1921 Domine
1261 1847 1407 1921 salvum
1433 1870 1494 1918 me
1512 1870 1610 1923 man.
1633 1863 1673 1936 rt.

147 1937 231 2031 fac,
252 1940 432 2011 continuo
457 1939 664 2012 extendens
690 1962 866 2031 manum,
888 1967 911 2012 a
936 1942 1132 2036 prehendit
1154 1968 1251 2015 euna

196 2033 351 2105 Mariam
368 2030 620 2126 Magdalenam
641 2036 701 2127 pie
720 2033 885 2106 defendit
901 1967 1085 2108 iiominus
1103 2049 1233 2108 contra
1250 2033 1494 2123 Pharisaeum,
1513 2058 1691 2126 menstra

146 2127 245 2198 male
267 2125 313 2192 de
334 2148 377 2191 ea
398 2127 638 2216 cogitantem,
654 2139 691 2198 et
713 2141 841 2199 contra
861 2153 1023 2201 sororem
1048 2155 1116 2222 pro
1142 2129 1235 2198 riam
1258 2127 1303 2198 de
1318 2129 1382 2199 illa
1404 2150 1495 2197 con-

150 2225 386 2374 querentesrpe:
397 2215 491 2375 Iterp
507 2229 544 2284 et
558 2231 688 2288 contra
704 2219 903 2310 discipulos
915 2234 1063 2315 propter
1079 2247 1098 2293 e
1127 2222 1296 2293 usionem
1310 2222 1496 2314 unguenti
1514 2243 1596 2294 usic.
1619 2239 1659 2307 14.

148 2335 190 2379 m
210 2331 294 2378 eam
377 2329 461 2375 men
481 2329 529 2376 es.

196 2395 398 2473 Ineffabilis
422 2397 539 2492 pietas
565 2401 634 2470 Dei
659 2398 823 2470 multum
850 2397 1061 2473 ostenditur
1079 2402 1122 2473 in
1146 2403 1320 2495 exemplo
1342 2405 1387 2472 de
1419 2407 1497 2474 filio
1516 2425 1581 2472 uua.
1605 2420 1645 2483 14.

147 2494 324 2596 prodigo,
344 2491 412 2562 ubi
434 2489 591 2584 dicitur:
616 2491 711 2576 Cum
734 2487 858 2563 adhuc
876 2491 985 2584 longe
1008 2507 1103 2563 esset
1125 2495 1249 2583 filius,
1270 2493 1368 2566 vidit
1389 2493 1499 2566 illum

148 2605 255 2689 pater
281 2611 372 2658 suus
395 2595 440 2656 et
454 2585 707 2658 misericordi&
721 2598 847 2656 motus
872 2597 950 2677 est,
972 2597 1009 2656 et
1020 2609 1219 2658 occurrens
1234 2583 1366 2657 cecidit
1388 2612 1500 2682 super

147 2685 289 2759 collum
308 2684 409 2776 ejus,
431 2692 469 2752 et
490 2679 679 2753 oscidatus
697 2692 757 2752 est
778 2703 875 2750 eum.
894 2678 994 2750 Idem
1017 2679 1164 2772 petebat
1181 2677 1263 2751 fieri
1284 2681 1380 2751 sicut
1397 2707 1498 2752 onus

148 2779 195 2854 de
212 2776 460 2853 mercenariis.
478 2775 588 2848 Pater
602 2774 832 2867 interrupnit
850 2774 979 2864 verba,
996 2786 1032 2844 et
1050 2775 1188 2868 recepit
1202 2798 1288 2844 eum
1304 2773 1346 2848 in
1366 2773 1499 2846 filium.

194 2876 251 2947 De
284 2869 384 2944 sacili
409 2870 594 2945 Dominus
623 2870 754 2966 recipit
786 2865 891 2958 illos,
911 2893 1007 2962 quos
1043 2867 1209 2940 mundus
1241 2868 1351 2960 ejicit.
1389 2869 1500 2940 Unde
1517 2873 1596 2924 Μ·
1621 2888 1649 2939 a

148 2993 273 3042 coecus
295 2966 357 3038 ille
379 2976 513 3056 natus,
526 2985 551 3036 a
571 2965 733 3036 Domino
753 2962 1005 3054 illuminatus,
1024 2974 1222 3058 postquam
1243 2961 1357 3034 suita
1376 2964 1502 3060 Synn-

147 3089 240 3157 goga
261 3064 420 3154 ejectus,
440 3060 566 3132 statim
587 3083 610 3128 a
627 3059 787 3131 Domino
816 3067 1074 3156 receptusest
1547 3121 1559 3135 ,

198 3157 293 3226 Mira
322 3153 397 3225 fuit
430 3151 569 3224 Christi
603 3152 833 3246 benignitas,
863 3150 1014 3245 quando
1047 3150 1094 3220 ad
1119 3150 1280 3224 domum
1311 3152 1502 3245 publicani
1518 3157 1583 3212 Luc.
1605 3171 1646 3224 ι9·

150 3245 313 3335 zachai,
330 3246 399 3338 qui
417 3270 504 3318 eum
525 3244 654 3320 videre
675 3246 865 3342 cupiebat,
881 3245 1045 3340 seipsum
1063 3245 1261 3339 invitavit,
1279 3257 1318 3316 et
1334 3247 1502 3340 ejusdem

151 3340 287 3420 domui
313 3335 517 3410 benedixit.
1025 3401 1030 3422 ¹

200 3435 297 3506 Cum
317 3428 534 3527 protulisset
548 3431 732 3503 Dominus
746 3432 1092 3526 indistincte,unus
1108 3457 1161 3504 ex
1174 3433 1282 3504 vobis
1297 3454 1357 3501 me
1369 3429 1503 3519 tradet,
1519 3433 1596 3482 ¹⁰⁸²·
1621 3427 1660 3478 ¹³·

153 3529 357 3625 sequitur:
391 3523 487 3594 Cmn
519 3521 750 3594 recubuisset
782 3525 949 3596 ioannes·
984 3548 1095 3616 super
1125 3535 1256 3615 pectus
1289 3523 1404 3610 Jesu,
1429 3525 1500 3591 ait:

152 3623 313 3698 Domine
336 3617 424 3729 quis
454 3615 538 3690 est?
558 3637 642 3686 ecce
668 3639 782 3724 quarn
805 3639 938 3709 magna
964 3615 1174 3706 benignitas
1200 3624 1237 3682 et
1261 3613 1503 3685 familiaritas.

203 3715 381 3788 Promisit
405 3711 574 3786 Salvator
594 3708 687 3782 discr
712 3709 804 3800 ulis,
819 3708 865 3780 de
888 3733 957 3782 suo
976 3729 1125 3781 recessu
1148 3707 1506 3801 contristatus,quia
1522 3707 1582 3760 Aca
1607 3723 1633 3758 ²·

154 3812 267 3884 Pater
298 3809 413 3882 alium
439 3805 666 3878 Paraclitum
687 3735 791 3877 daret
814 3805 882 3896 eis,
900 3803 1001 3899 quod
1028 3798 1268 3908 adimpletum
1285 3799 1421 3908 optime
1443 3794 1503 3874 die

154 3905 417 3993 Pentecostes,
457 3899 584 3974 nando
606 3899 764 3994 Spiritus
789 3910 940 3973 sanctus
959 3922 1021 3970 eos
1043 3893 1166 3969 taliter
1186 3895 1394 3986 roborant,
1414 3919 1504 3968 con-

155 3997 308 4072 solatus
331 4009 403 4088 est,
431 3997 439 4012 '
471 3995 654 4086 ustravit,
678 4005 714 4066 et
738 3993 876 4066 docuit.
907 4015 911 4022 ’
1474 4053 1478 4056 ,

209 4092 458 4166 Venientibus
490 4088 537 4160 ad
573 4085 790 4184 capiendum
825 4089 1028 4160 Dominum
1061 4086 1242 4159 ministris
1264 4083 1505 4176 Pontificum,
1522 4094 1599 4148 ἔσω·
1623 4089 1664 4146 ¹⁸·

159 4185 259 4284 dicit
279 4188 382 4286 ipse:
405 4187 442 4261 Si
462 4205 533 4262 me
548 4185 738 4285 quaeritis„
759 4185 869 4260 emite
886 4181 960 4290 hos
978 4182 1088 4262 abire.
1113 4181 1260 4346 lSciebat
1280 4180 1381 4254 enim
1404 4177 1505 4278 quod

1162 4295 1183 4346 2
