4452 5462
46 573 48 576 ·
163 535 301 629 ludex
332 531 533 620 omnium
562 539 859 646 materiarum,

46 684 51 694 .
171 658 1517 728 m

46 831 48 838 4
170 757 415 833 Personarum
430 750 605 846 acceptio.
630 751 727 829 Vide
750 779 813 830 ac-
1148 741 1151 750 ¹

222 845 337 942 ceptio
365 864 622 935 personarum.

174 935 428 1022 persuasiones
451 939 568 1014 malae.
592 944 687 1019 Vide
713 947 813 1022 Con-

46 1086 49 1098 .
214 1029 298 1105 silla
323 1030 431 1103 mala.
460 1034 699 1116 Perversitas.
728 1048 810 1140 243.

46 1199 47 1204 ,
167 1131 284 1206 Pietas
313 1125 534 1206 mulierum.
554 1131 650 1210 Vide
677 1143 812 1217 Mulie·

46 1221 48 1225 ’
214 1245 298 1297 rum
322 1221 450 1318 pietus.

170 1321 291 1395 Poenae
311 1319 469 1394 Divinae.
498 1325 581 1417 246.

172 1413 399 1490 Poeuitentia.
426 1419 508 1510 248.

172 1510 391 1585 Poenitentia
411 1509 531 1587 dilata.
549 1518 632 1610 250.

169 1607 391 1680 Paenitentia
410 1607 510 1682 salsa.
533 1615 615 1687 251.
671 1685 674 1695 .

164 1700 429 1774 Poeniteutr'urn
459 1703 626 1784 felicitas.
643 1692 749 1788 ‘252-
789 1771 790 1776 1

163 1794 348 1889 Praecepta
376 1797 445 1870 Dei
466 1811 504 1873 et
529 1829 659 1878 eorum
683 1811 805 1883 obser·

207 1889 319 1964 vatio.
350 1891 431 1968 253.

162 1981 375 2060 Praedicatio
391 1989 500 2064 verbi
510 1993 588 2067 Dei.
601 1993 696 2075 Vide
714 1997 806 2075 Ver·

204 2081 295 2153 bum
321 2083 392 2156 Dei
413 2087 667 2180 praedicatum.

162 2173 361 2251 Praesentia
383 2181 463 2256 Dei.
487 2186 568 2259 255.

162 2272 350 2441 Ρι1ιέἓίρεε
384 2289 424 2351 et
456 2283 664 2376 superiores
703 2287 804 2360 boni.

206 2393 225 2438 2
275 2407 284 2439 .·

89 2487 90 2490 ¹
162 2463 346 2632 Prirpipes
383 2479 420 2541 et
456 2472 664 2567 superiores
704 2469 803 2546 mali.

211 2585 294 2633 rr..

170 2652 333 2730 Pruditio.
356 2659 439 2753 264.
526 2673 528 2676 ’

171 2749 383 2847 Prosperitas
418 2758 620 2832 mundana.
649 2760 732 2834 266.

168 2843 396 2924 Providentia
425 2852 506 2926 Dei.
533 2854 614 2928 268.

167 2940 419 3020 Proximorum
441 2946 598 3024 dileetio.
620 2949 717 3023 Vide
737 2951 799 3024 Di·

212 3035 326 3110 lectio
342 3041 606 3135 proximorum.

165 3128 365 3207 Prudentia
391 3147 424 3209 et
447 3139 630 3214 diseretio.
660 3139 741 3234 269.

162 3223 271 3300 Pueri
301 3229 406 3304 bonae
436 3234 584 3308 indolis.
612 3236 694 3332 274.

161 3319 413 3401 Pulchritudo.
439 3328 534 3402 Vide
559 3331 694 3404 Forma
721 3352 804 3402 cor·

206 3420 316 3512 poris.
441 3505 447 3516 ,

51 3567 52 3570 t
158 3507 458 3593 Pusillanimitas.
487 3520 568 3620 274.Ι

453 3696 509 3781 R.

153 3861 265 3936 Recta
294 3869 477 3944 intentio..
507 3873 603 3949 Vide
638 3875 816 3948 Intentio

154 3973 541 4151 Repegoltghhffifiam·
576 4091 657 4165 277.
698 4084 703 4095 ‘
771 4053 783 4062 ‘¹

154 4147 383 4248 Resignatio-
397 4157 441 4229 in
465 4160 644 4236 Divinam
667 4159 806 4238 volun-

199 4255 331 4322 tatem.
359 4255 439 4325 28.
708 4309 714 4324 .

158 4337 362 4445 Respectus
384 4277 593 4462 liumanus.
624 4377 718 4453 279.

159 4429 286 4528 BQ,
303 4439 401 4522 Vide
420 4443 635 4522 Discordia..

882 577 973 664 quae
1005 552 1050 636 in
1080 551 1171 642 Boe·
1196 583 1334 674 opere
1361 565 1538 666 eenri'nt·

882 942 1102 1025 Sanctorum
1134 949 1323 1030 invocatio
1350 970 1389 1033 et
1417 969 1536 1040 auxi*-
1622 973 1630 984 ‘

931 1037 1044 1122 lium.
1069 1049 1149 1119 280.

880 1135 1066 1308 Sapientia
1085 1144 1297 1221 mulierum.
1325 1149 1421 1226 Vide
1446 1157 1528 1233 Mu·-

825 1307 830 1318 ,
945 1236 1062 1308 'erum
1084 1241 1274 1336 sapientia.

878 1329 1112 1407 Scandalum.
1137 1340 1219 1412 281.
1336 1355 1338 1360 '

877 1425 1225 1523 Scripturaesaorae.
1257 1439 1340 1511 282.

877 1521 1085 1618 Sepultura.
1108 1531 1190 1622 284.

875 1619 1077 1694 Servorum
1099 1624 1270 1700 officium·
1291 1655 1377 1726 erga
1398 1631 1535 1708 Domi-2

889 1739 1001 1796 ,nos
1044 1720 1140 1792 Vide
1170 1725 1419 1803 Dominorum
1448 1728 1533 1802 offi-·

922 1812 1024 1876 cium
1035 1835 1352 1900 nge-moto.

875 1899 1073 1973 Silentium
1104 1913 1144 1976 et
1171 1904 1396 2003 loquacitas..
1418 1909 1511 1988 285..

875 1994 1049 2067 Simonis.
1080 2000 1162 2070 28.

876 2089 1080 2165 simulatio.
1145 2093 1206 2168 ide
1238 2095 1479 2195 Hypoorisisae
1512 2189 1519 2206 .

876 2187 1036 2260 Societas
1062 2190 1259 2265 bonorum.
1288 2195 1371 2267 288.

876 2283 1036 2359 Societas
1063 2285 1257 2361 malorum.
1281 2294 1364 2388 289.

875 2379 972 2475 Spes·
997 2392 1035 2455 et
1060 2381 1332 2476 longanimitas.
1355 2409 1438 2480 292.

875 2475 1035 2570 Spiritus
1056 2475 1166 2552 mali.
1184 2478 1266 2576 293.

874 2571 1018 2666 Strages
1045 2573 1264 2647 hominum.
1282 2577 1364 2674 294
1503 2667 1509 2682 ¹

875 2665 1156 2765 Stultilo'quium
1186 2671 1396 2769 mulierum.
1426 2669 1532 2748 Vide·¹

923 2763 1125 2838 Mulierum
1150 2765 1439 2864 stultiloquium.

874 2857 1062 2953 Superbia.
1094 2885 1116 2930 2
1144 2888 1187 2959 7.1

874 2953 1089 3049 Superiores
1113 2885 1215 3038 iloni.
1253 2955 1349 3030 Vide
1376 2958 1532 3032 Princiae

923 3072 988 3142 pes
1015 3060 1052 3120 et
1076 3049 1284 3144 superiores
1310 3053 1413 3122 boni.

874 3141 1089 3233 Superiores
1121 3144 1221 3214 mali.
1255 3142 1351 3214 Vide
1376 3145 1536 3220 Princi-·

922 3256 986 3327 pes
1012 3245 1049 3306 et
1076 3239 1284 3328 superiores
1306 3236 1406 3308 mali.

873 3327 1087 3423 Superiores
1120 3331 1369 3404 Ecclesiastici
1394 3329 1525 3407 hono--

920 3422 1039 3498 randi.
1070 3445 1154 3522 299.

732 3531 735 3542 “
872 3519 923 3590 Su
950 3522 1085 3592 eriores
1120 3533 1157 3593 et
1194 3519 1389 3615 principes*
1405 3544 1532 3598 saecu--

919 3545 1015 3688 lires
1040 3613 1260 3688 honorandi.
1289 3614 1368 3688 300.

873 3710 1040 3805 Suspicio
1071 3724 1109 3785 et
1148 3709 1333 3807 judicium
1359 3721 1531 3784 temera·-

920 3806 1029 3879 rium.
1059 3805 1141 3880 301.

1168 3989 1224 4074 Τ.

875 4161 1028 4259 Templa
1052 4113 1393 4238 honorandattsosj

875 4257 1077 4332 Tentatiw
1093 4260 1295 4358 Ira-„p
1316 4257 1532 4331 hominem.

876 4351 1218 4524 Teiililiohominis
1226 4441 1533 4548 perneumuott·

1073 4565 1109 4640 V-
1130 4590 1158 4644 v
1182 4593 1217 4642 2-
