4464 5464
694 548 775 637 280
832 544 1101 637 TITULUs
1139 543 1223 631 CL.
1267 541 1542 629 xSanctorum
1577 538 1811 636 invocatio,
1847 557 1934 626 etc.

694 784 780 864 tur,
805 768 868 842 sed
887 769 1028 866 pergit,
1052 767 1164 839 etiam
1188 761 1324 858 apertis
1346 759 1538 852 fenestris,
1559 767 1609 866 ut.
1632 755 1678 827 eb
1701 756 1880 829 omnibus
1903 741 2093 861 conspici
2215 731 2216 776 i

695 879 840 966 posset,
863 865 1015 938 adorare
1042 864 1247 935 Dominum
1268 859 1390 931 Deum
1423 880 1558 946 suum,
1582 862 1679 925 s1cut
1698 863 1786 924 ante
1811 853 2090 937 cons'ueverat,

498 993 566 1048 rob.
592 1011 615 1046 ι.
634 991 660 1048 5.
744 964 898 1054 Tobios,
917 985 1002 1032 cum
1021 961 1120 1032 irent
1137 979 1266 1031 omnes
1286 954 1333 1026 ad
1349 951 1491 1030 vitulos
1510 975 1662 1041 aureos,
1681 974 1776 1045 quos
1799 949 2008 1050 Jeroboam
2031 959 2089 1032 se„

696 1072 796 1133 cerat
817 1083 888 1131 rex
913 1055 1046 1148 Israel,
1066 1053 1129 1126 hic
1151 1053 1252 1126 solus
1273 1050 1439 1146 fugiebat
1469 1047 1656 1119 consortia
1686 1045 1888 1144 omnium(
1909 1057 2089 1148 seposito

697 1160 802 1230 omni
819 1154 987 1226 humano
1009 1151 1214 1248 respectu)
1236 1148 1297 1220 sed
1331 1144 1505 1242 pergebat
1526 1144 1566 1216 in
1590 1140 1799 1216 Jerusalem
1814 1141 1862 1246 ad
1887 1151 2085 1246 templum

694 1252 870 1342 Domini,
902 1261 939 1321 et
966 1251 1020 1322 ibi
1049 1246 1226 1320 adorabat
1259 1245 1464 1318 Dominum
1495 1241 1616 1311 Deum
1643 1237 1769 1310 lsrael.

745 1347 863 1421 Nemo
888 1345 1007 1442 palam
1032 1343 1257 1438 loquebatur
1283 1339 1328 1412 de
1351 1337 1501 1410 Christo
1522 1333 1792 1430 Jerosolymis,
1815 1350 1970 1434 propter
1990 1368 2077 1420 me-

694 1457 778 1518 tum
816 1443 1053 1534 Judaeorum,
1069 1441 1156 1512 licet
1186 1437 1298 1512 multi
1337 1459 1425 1508 eum
1461 1430 1682 1530 agnoverint
1717 1457 1786 1528 pro
1821 1459 1955 1530 magno
1978 1466 2076 1536 pro-

569 1555 574 1560 '
693 1541 830 1639 pheta,
854 1551 891 1612 et
921 1565 1013 1613 vero
1051 1538 1196 1610 Massia.

744 1639 876 1710 Coecus
906 1646 1019 1708 natus
1046 1657 1068 1704 a
1097 1631 1247 1704 Christo
1277 1641 1429 1702 sanatus
1461 1626 1584 1724 palam
1617 1621 1814 1700 confitetur
1846 1625 2058 1723 Christum,

694 1746 731 1806 et
751 1733 975 1806 miraculum
1001 1731 1049 1802 ab
1064 1755 1108 1802 eo
1128 1738 1338 1822 patratum,
1361 1727 1447 1798 licet
1472 1726 1549 1818 jam
1567 1721 1833 1816 conspuissent
1852 1721 1874 1792 J
1876 1721 1988 1814 udaei,
2005 1739 2050 1798 ut

694 1830 726 1900 si
761 1829 846 1922 quis
876 1851 962 1898 eum
988 1822 1230 1896 confiteretur
1257 1845 1336 1894 esee
1364 1819 1582 1911 Christum,
1602 1829 1712 1890 extra
1736 1822 1963 1920 synagogam
1990 1819 2057 1894 he-

693 1935 760 1995 ret.
800 1919 885 1993 Non
911 1923 964 1992 sic
988 1930 1160 2014 parentes
1193 1919 1298 2012 ejus,
1314 1916 1404 2011 quia
1435 1916 1619 1988 timebant
1652 1909 1811 1990 ludaeos.

494 2045 577 2104 um,
591 2051 617 2103 6,
632 2051 675 2104 aa.
742 2016 906 2089 Herodes
932 2015 1038 2112 jubet
1072 2012 1258 2108 amputari
1296 2023 1407 2108 caput
1444 2009 1604 2104 Joanni,
1626 2022 1670 2084 ut
1710 2041 1791 2091 non
1826 2013 2063 2089 contristaret

693 2113 809 2188 filiam
842 2109 1209 2192 suamsaltatrioem.

493 2241 674 2310 rom.,9‚„,
742 2208 904 2298 Pilatus,
921 2206 1007 2280 licet
1038 2205 1232 2302 agnoverit
1273 2205 1526 2277 innocentiam
1555 2202 1713 2298 Christi,
1729 2205 1918 2279 consensit
1942 2217 2066 2282 tamen

562 2313 566 2324 '
693 2306 735 2377 in
748 2307 829 2399 ejus
838 2313 1014 2395 mortem,
1025 2313 1067 2375 ut
1080 2300 1240 2374 audivit:
1254 2299 1286 2372 si
1297 2298 1401 2372 huno
1412 2299 1588 2394 dimittis,
1599 2327 1677 2375 non
1691 2328 1729 2388 es
1742 2299 1885 2376 amicus
1896 2301 2062 2378 Caesaris.

492 2433 672 2502 somnino.
742 2399 942 2472 Pontifices
978 2410 1014 2471 et
1042 2396 1223 2471 Pharisaei
1246 2397 1463 2492 conspirant
1482 2395 1522 2468 in
1549 2423 1680 2472 necem
1700 2397 1863 2491 Christi,
1883 2397 2062 2472 dicentes:

693 2496 726 2571 si
743 2495 968 2570 dimittimus
990 2519 1078 2568 eum
1112 2495 1185 2585 sic,
1205 2517 1335 2565 omnes
1366 2491 1517 2566 credent
1548 2496 1589 2566 in
1622 2521 1731 2588 eum,
1754 2505 1793 2567 ct
1815 2496 1970 2572 venient
1995 2498 2065 2570 lio-

417 2679 422 2688 ⁸
693 2596 819 2685 mani,
840 2603 876 2664 et
909 2591 1042 2664 tollent
1074 2601 1248 2663 nostrum
1279 2589 1426 2682 locum,
1449 2600 1485 2661 et
1513 2603 1672 2686 gentem.

491 2710 642 2765 acroam.
741 2687 904 2762 Herodes
940 2688 1118 2784 Agrippa,
1132 2697 1332 2782 postquam
1360 2683 1495 2758 occidit
1525 2686 1707 2762 iacobum
1733 2687 1886 2762 fratrem
1903 2687 2063 2763 Joannis

693 2783 837 2881 gladio,
845 2783 1013 2952 Ipidens,
1039 2787 1131 2882 quic
1154 2780 1314 2880 placeret
1334 2781 1497 2878 Judaeis,
1520 2787 1710 2883 apposuit,
1733 2797 1775 2858 ut
1801 2781 2064 2879 apprehende·

368 2945 371 2952 .
549 2947 552 2955 .
693 2894 755 2960 ret,
781 2892 818 2952 et
876 2893 1009 2954 etrum.
1076 2905 1081 2916 ·
1936 2947 1944 2958 ,

490 2995 552 3048 set.
572 2997 615 3063 aa.
632 2977 691 3067 ²7?
741 2975 850 3044 Felix
872 2995 1007 3064 praeses
1027 2975 1185 3063 Judaeae,
1206 2973 1338 3047 volens
1359 2975 1513 3070 gratiam
1531 2985 1697 3074 prestare
1716 2969 1875 3064 tuden,
1890 2967 2054 3068 reliquit
2087 3019 2090 3026 ι

693 3065 856 3140 Paulum
890 3066 1088 3163 Vinctum,
1111 3067 1199 3140 licet
1224 3072 1419 3164 agnoverit
1446 3074 1690 3145 innocentem.

490 3164 554 3259 m,
571 3205 598 3260 5·
621 3215 663 3274 ²9·
741 3159 910 3258 Apostoli
934 3159 1050 3235 libere
1078 3161 1282 3260 pradicant
1317 3165 1508 3242 Christum
1543 3180 1579 3241 et
1610 3170 1693 3264 ejus
1719 3164 1937 3238 doctrinam.
1978 3162 2065 3238 Ad-

692 3259 818 3335 vocati
848 3269 974 3331 autem
995 3259 1037 3332 in
1065 3258 1289 3359 concilium,
1312 3276 1354 3336 et
1370 3274 1564 3361 propterea
1589 3263 1797 3376 objurgati,
1817 3257 2064 3360 respondent:

692 3354 841 3431 obedire
871 3379 941 3430 nos
970 3367 1115 3454 oportet
1144 3356 1223 3429 Deo
1257 3363 1375 3458 magis
1387 3413 1398 3456 ,
1422 3387 1539 3460 quam
1570 3359 1803 3436 homimbus.

1361 3524 1385 3596 S

1360 3653 1395 3725 ³1⁶

1117 3792 1449 3882 TITULUS
1509 3793 1606 3882 CL'.

490 1391 574 1445 'laam
587 1409 614 1460 7.
635 1391 676 1445 13.

494 1683 573 1735 ioan.
589 1701 616 1752 9.

960 3965 1207 4054 Sanctorum
1247 3973 1449 4058 invocatio
1485 3991 1526 4057 et
1557 3967 1784 4058 auxilium.
1873 4049 1876 4056 ,
1908 4015 1913 4024 -

479 4195 545 4250 Gen.
564 4193 608 4264 43,
628 4197 666 4251 ,6,
685 4095 813 4231 Jacob
839 4155 1054 4271 Patriarcha
1091 4158 1313 4236 benedicens
1350 4159 1437 4235 filiis
1468 4161 1629 4260 loseph,
1659 4163 1732 4234 hac
1765 4153 1944 4256 precandi
1982 4153 2061 4266 ion

684 4254 788 4327 mula
825 4270 974 4331 untur:
999 4283 1137 4332 nomen
1167 4269 1317 4353 patrum
1349 4283 1519 4334 meorum
1552 4257 1744 4333 Abraham
1785 4267 1822 4328 et
1859 4256 1962 4328 Isaac
1994 4275 2055 4322 rn-

683 4364 839 4432 vocetur
870 4379 981 4452 super
1013 4379 1099 4453 eos,
1120 4366 1158 4430 et
1187 4368 1361 4434 crescant.
1385 4354 1428 4432 in
1449 4355 1735 4434 multitudinem
1763 4375 1878 4454 super
1908 4363 2059 4522 toream-

1993 4465 2059 4520 um
