4502 5484
816 395 913 454 uo
1039 419 1042 424 -
1107 358 1371 452 'HTULUS
1404 361 1496 452 Vll.
1532 355 1718 449 Affectio
1756 363 1952 450 carnalis·
2072 305 2076 314 ·

1140 652 1145 661 ¹
1274 707 1607 809 strutus
1664 705 1782 842 vn.

1308 902 1487 1052 Aſjictz’o
1544 933 1753 1018 Carnalzt.

851 1102 1033 1260 Moyses
1056 1162 1248 1237 distribuit
1269 1163 1415 1236 levitis.
1435 1184 1489 1227 12.
1521 1160 1637 1230 boves
1661 1165 1699 1225 et
1719 1178 1788 1226 sex
1806 1149 1995 1260 plaustra,
2039 1173 2114 1260 nos·
2130 1156 2193 1226 ob-

652 1225 731 1279 num.
761 1245 785 1296 ⁷⁸
845 1258 1011 1367 tulerant
1042 1258 1232 1365 Principes
1258 1250 1424 1362 tiliorum
1451 1251 1592 1358 Ismtl,
1610 1250 1675 1318 sed
1696 1247 1846 1320 nullum
1871 1242 1974 1318 dedit
2064 1272 2081 1317 s
2111 1247 2193 1322 Cant

843 1351 1146 1540 hcieiorisitigittuerl
1166 1367 1531 1540 hppprssespgflpffiqpp
1539 1435 1627 1511 filiis
1654 1439 1731 1512 suis
1753 1463 1790 1548 ¹.¹¹
1815 1487 1816 1490 =
1865 1461 1930 1510 um
1957 1433 2100 1511 dedisse
2118 1436 2193 1513 offi-

693 1630 698 1646 ἡ
845 1540 946 1613 cium
963 1541 1051 1648 licet
1071 1541 1190 1633 ipseo
1217 1535 1358 1644 populo
1381 1535 1422 1643 in
1452 1543 1558 1606 tanta
1571 1460 2072 1700 ’rgere‘nuaflffiberetffi'd
2104 1627 2126 1700 d

647 1661 727 1715 “m
749 1679 791 1731 ²⁷·
844 1629 2243 1838 utttttttttttt‘ttttttttdttttttttttttutt*

645 1853 731 1906 toste.
752 1873 791 1926 ¹7·
893 1822 1131 1894 Distnbuens
1154 1820 1267 1893 Josue
1289 1830 1426 1890 terram
1447 1815 1535 1888 filiis
1563 1817 1701 1906 lsrael,
1727 1821 1780 1889 ita
1807 1839 1963 1912 posnam
1987 1820 2196 1912 portionem·

844 1916 946 1990 dedit
966 1917 1040 1990 illis
1060 1916 1106 1988 de
1130 1916 1234 1988 tribu
1257 1938 1325 1986 sua
1336 1968 1350 2006 „
1360 1925 1406 1987 ut
1428 1912 1475 1984 de
1499 1909 1790 2006 hoc'speciaiem
1815 1909 2006 2007 querelam
2028 1909 2192 1986 fecerint.

845 2009 915 2084 Sed
937 2025 1027 2085 nota
1052 2037 1111 2086 nes
1137 2011 1352 2104 ousionem,
1395 2033 1485 2082 uem
1511 2005 1600 2080 fecit
1625 2007 1688 2079 eis.

646 2136 670 2171 ι,
688 2123 751 2192 neg.
769 2125 796 2192 4.
830 2153 832 2158 ,
892 2107 1059 2181 Audiens
1120 2107 1169 2180 eli
1191 2116 1350 2180 mortem
1415 2105 1539 2177 iorum
1571 2125 1728 2175 suorum
1753 2101 1796 2174 in
1817 2097 1960 2196 prelio,
1984 2123 2064 2174 non
2089 2103 2195 2178 visus

842 2214 898 2276 est
924 2204 1088 2276 multum
1117 2227 1270 2295 curare,
1296 2199 1360 2273 sed
1388 2224 1476 2294 cum
1499 2197 1663 2272 nuncius
1689 2195 1745 2268 illi
1767 2195 1947 2284 dixisset,
1974 2218 2098 2266 arcam
2126 2200 2194 2268 Det

841 2323 920 2370 esse
938 2311 1101 2390 captam,
1123 2297 1253 2368 cecidit
1275 2295 1321 2356 de
1344 2293 1449 2372 sella,
1474 2297 1511 2352 et
1541 2295 1716 2352 mortuus
1741 2289 1807 2350 est.

637 2415 663 2451 2.
686 2407 752 2467 reg.
776 2417 816 2472 ¹9·
885 2390 984 2476 Quia
1006 2386 1129 2462 David
1152 2383 1266 2457 nimis
1288 2379 1400 2450 flebat
1418 2375 1584 2442 occisum
1595 2369 1716 2444 filium
1733 2395 1845 2443 suum
1862 2373 2196 2470 Abselom,impo-

837 2479 914 2546 suit
930 2483 964 2544 ei
976 2482 1086 2560 soah,
1122 2473 1197 2540 uod
1213 2489 1291 2538 non
1305 2465 1358 2536 ita
1369 2463 1566 2554 doluisset,
1582 2464 1614 2536 si
1630 2475 1754 2538 totum
1771 2467 1955 2542 amisisset
1970 2469 2194 2547 exercitum.

637 2598 770 2650 mmuh.
790 2618 815 2668 7·
886 2567 1006 2658 Supra
1034 2497 1189 2632 modum
1217 2571 1337 2631 mater
1361 2558 1551 2630 mirabilis·
1571 2571 1608 2631 et
1635 2560 1821 2634 bonorum
1847 2563 2025 2634 memorii
2051 2563 2193 2662 digna,

836 2681 922 2752 quae
943 2666 1141 2752 pereuntes
1164 2663 1305 2750 septem
1319 2652 1417 2726 filios
1437 2653 1507 2727 sub
1529 2653 1644 2727 unius
1666 2653 1741 2730 diei
1759 2666 1924 2752 tempore
1940 2658 2200 2756 conspiciens„
2242 2705 2243 2712 κ

834 2752 934 2824 bono
958 2751 1084 2823 animo
1112 2749 1265 2824 serebat.

636 2877 661 2914 ι.
674 2861 761 2914 Mach.
775 2864 817 2916 16.
881 2846 1071 2918 Euntibus
1100 2845 1146 2917 ad
1162 2844 1332 2941 praelium
1352 2843 1375 2914 J
1377 2842 1492 2919 udaeis
1510 2855 1640 2918 contra
1655 2845 1896 2936 Nicanorem,
1917 2872 1985 2943 pro
2001 2849 2191 2924 uxoribus

835 2949 871 3011 et
900 2938 1006 3027 filiis,
1027 2941 1193 3037 itemque
1219 2937 1399 3014 fratribus
1419 2951 1456 3012 et
1485 2942 1650 3035 cognatis
1674 2941 1798 3014 minor
1818 2941 2046 3035 sollicitudo,
2061 2946 2188 3018 maxi-

700 3063 709 3078 ·
832 3055 918 3108 mus
944 3047 1070 3108 autem
1091 3049 1128 3109 et
1157 3037 1301 3133 primus
1331 3061 1402 3131 pro*
1422 3047 1616 3108 sanct1tate
1638 3037 1751 3110 timor
1777 3049 1856 3110 erat
1881 3037 2020 3133 templi.

511 3197 514 3204 .
633 3149 731 3206 natu.
751 3170 794 3210 ια.
880 3132 1071 3228 Loquente
1100 3133 1190 3206 Jesu
1216 3131 1264 3202 ad
1293 3131 1443 3225 turbas,
1471 3131 1570 3204 dixit
1591 3132 1625 3204 ei
1652 3130 1825 3227 quidam:
1856 3134 1950 3204 Ecce
1975 3145 2095 3207 mater
2116 3145 2185 3206 tua

831 3238 868 3297 et
889 3225 1028 3300 fratres.
1053 3231 1111 3300 tui
1133 3227 1223 3300 ioris
1245 3239 1345 3300 stant
1373 3239 1581 3322 quaerentes
1610 3236 1667 3316 te3
1693 3227 1762 3322 qui
1783 3227 1993 3320 respondit:
2010 3227 2107 3317 Quae
2126 3241 2188 3301 est

828 3333 948 3394 mater
969 3345 1073 3416 mea,
1092 3336 1129 3396 et
1151 3325 1218 3419 qui
1240 3333 1330 3395 sunt
1345 3320 1480 3394 fratres
1500 3319 1599 3394 mei?
1617 3322 1835 3418 quicunque
1853 3319 1981 3396 feeerit
2002 3323 2186 3396 volunta-

827 3427 904 3491 tem
930 3419 1050 3491 Patris
1077 3420 1152 3491 mei
1179 3429 1246 3490 etc.

632 3536 727 3591 utut,
747 3557 788 3595 20,
873 3513 1021 3584 Petenti
1042 3525 1250 3588 materterae
1270 3511 1411 3585 Christi
1438 3511 1643 3588 secundum
1666 3535 1834 3604 carnem,
1848 3521 1899 3586 ‘ut
1920 3511 1996 3584 duo
2018 3509 2086 3584 fitii
2118 3517 2187 3588 sui

826 3605 996 3678 sederent
1025 3609 1138 3702 juxta
1166 3631 1253 3678 eum
1281 3604 1323 3675 in
1348 3629 1572 3697 regonem,
1596 3607 1788 3703 respondit
1813 3609 1892 3702 ipse
1917 3607 2102 3680 Dominus
2124 3610 2187 3682 ita

826 3699 936 3790 dure,
949 3723 992 3769 ac
1014 3701 1046 3772 si
1067 3700 1199 3773 fuisset
1215 3701 1336 3771 aliena
1356 3700 1532 3790 omnino,
1550 3712 1587 3772 et
1607 3701 1661 3774 itu
1683 3705 1825 3778 bonum
1845 3701 1969 3776 forum
1993 3700 2039 3775 de
2059 3727 2185 3798 regno
2242 3701 2243 3721 ¹

826 3793 896 3866 suo
922 3803 1073 3888 paratus
1095 3808 1150 3866 est
1176 3795 1295 3866 fucere
1322 3795 1412 3886 tibi,
1432 3795 1530 3868 sicut
1557 3795 1643 3868 illis.

630 3897 707 3952 toan.
732 3917 773 3954 αι.
872 3887 1055 3976 Quamvis
1085 3889 1215 3962 beatus
1240 3889 1419 3980 Joannes‚
1439 3901 1476 3961 et
1494 3890 1572 3962 duo
1585 3890 1714 3966 Jacobi
1728 3893 2041 3968 essenemsximae
2060 3917 2182 3966 sanc-

824 3981 961 4071 titatis,
980 3980 1076 4052 nulli
1096 3993 1220 4055 tamen
1242 4007 1370 4057 eorum
1393 3985 1579 4057 commisit
1604 3989 1811 4082 generalem
1832 3989 2004 4062 Ecclesiae
2026 4013 2193 4082 curam,.

764 4159 766 4164 ,
827 4075 905 4184 sed*
922 4077 1097 4185 t'etrum,
1117 4079 1195 4173 'qui
1226 4081 1403 4158 nonsibi
1432 4104 1542 4156 carue
1574 4084 1777 4180 attinebat,
1807 4086 2001 4182 constituit
2033 4097 2189 4182 caput,.
2242 4143 2243 4146 η

773 4243 776 4257 ,
823 4194 1027 4270 principem
1050 4183 1087 4245 et
1100 4183 1307 4268 'pastorem
2242 4227 2243 4230 =
