4452 5462
17 544 18 548 κ
84 485 87 490 ·
166 487 432 578 mannus
457 447 683 570 cnirnn.
708 482 957 616 'tribulano
994 501 1038 566 es
1067 484 1154 588 aas
1174 477 1355 562 aaran.
1386 475 1465 558 312

160 723 312 816 Moyses
329 715 472 790 remisit
486 713 670 787 Israelita
688 712 738 786 ad*
748 713 967 789 traditiones
985 715 1194 809 majorum,
1213 709 1340 784 dicens
1364 733 1372 778 :
1394 710 1473 779 Me·
1489 723 1569 776 neue.
1588 719 1630 772 aa

115 826 241 888 mento
254 810 400 887 dierum
414 812 675 905 antiquorum,
689 812 808 905 cogita
822 811 1077 906 generationes
1092 807 1274 904 singulas,
1286 809 1475 900 interroga
1571 807 1597 859 ⁷·

116 923 258 1008 patrem
282 916 412 1000 tuum,
434 919 471 979 ct
492 905 738 978 annunciabit
760 907 847 996 tibi,
868 908 1026 1002 majores
1050 917 1154 996 tuos,
1177 916 1214 976 et
1241 902 1366 974 dicent
1393 899 1474 972 tibi.

166 1005 290 1081 David
301 1004 398 1076 clare
410 1027 448 1074 se
459 999 724 1074 traditionibus
736 1000 908 1074 edoctum
920 1001 1163 1098 pronunciat,
1176 1025 1261 1072 cnm
1274 1001 1343 1070 ait:
1356 997 1476 1086 Dens,
1493 1044 1560 1098 Pal.
1574 1041 1658 1110 tarr.

119 1102 276 1174 auribus
295 1099 435 1170 nostris
462 1093 688 1169 audivimus.
715 1097 843 1169 Patres
864 1098 985 1170 nostri
1011 1097 1342 1186 annunciaverunt
1368 1093 1476 1164 nobis
1592 1097 1597 1102 ’

119 1223 236 1293 opus,
264 1192 366 1290 quod
388 1203 565 1289 operatus
581 1217 620 1264 es
646 1193 688 1265 in
704 1193 835 1265 diebus
859 1217 1004 1282 eorum,
1024 1203 1061 1263 et
1082 1192 1122 1263 in
1146 1191 1277 1263 diebus
1300 1189 1477 1284 antiquis.

168 1290 332 1380 Paulus,
349 1289 465 1361 electo
475 1287 550 1361 Sila
565 1343 576 1382 ,
596 1285 785 1384 profectus
808 1301 881 1380 est,
898 1289 1058 1362 traditus
1073 1289 1199 1384 gratiae
1221 1287 1290 1359 Dei
1309 1311 1333 1357 a
1353 1284 1480 1358 fratri-
1496 1317 1588 1370 Actor.
1606 1311 1643 1367 rt.

120 1389 203 1458 bus.
222 1383 509 1458 Perambulabat
530 1397 657 1457 autem
678 1386 826 1482 Syriam
845 1397 882 1458 et
904 1385 1089 1474 Ciliciam,
1112 1384 1337 1456 confirmans
1353 1381 1481 1454 Eccle-
1565 1385 1609 1452 4⁰·

122 1485 208 1569 sias,
237 1480 458 1576 praecipiens
475 1479 662 1565 custodire
683 1494 865 1577 praecepta
882 1479 1147 1576 Apostolorum
1175 1493 1212 1552 et
1234 1480 1441 1550 Seniorum.

112 1587 114 1592 '
172 1577 268 1646 Cum
290 1575 429 1645 Paulus
457 1587 494 1646 et
517 1575 610 1645 Silas
637 1577 927 1670 pertransissent
959 1576 1148 1668 civitates,
1174 1573 1371 1646 tradebant
1400 1575 1481 1668 ejus
1499 1584 1559 1639 Act.
1575 1582 1658 1649 Μ·

121 1667 309 1740 custodire
334 1665 529 1761 dogmata,
557 1693 643 1763 quae
674 1684 783 1743 erant·
804 1671 952 1744 decreta
978 1673 1026 1743 ab
1047 1670 1234 1768 Apostolis
1265 1681 1302 1743 ct
1332 1670 1484 1742 seniori.-

120 1765 220 1852 bus,
246 1763 314 1856 qui
339 1775 447 1834 erant
476 1763 733 1858 lerosolymis.
810 1787 818 1798 ·

171 1857 320 1928 Paulus
343 1868 471 1928 monet
490 1854 868 1931 Thessalonicenses:
891 1873 1008 1950 state,
1033 1872 1073 1931 et
1095 1871 1220 1932 tenete
1241 1857 1460 1930 traditiones
1474 1910 1493 1946 ,1
1501 1891 1527 1926 α.
1549 1871 1641 1933 ‘rtem
1654 1843 1682 1919 2‘t
1715 1913 1718 1921 .

122 1977 217 2050 quas
238 1949 420 2024 didicistis
439 1951 519 2024 sine
541 1975 608 2046 per
626 1976 853 2044 sermonem,
882 1957 963 2028 sive
990 1979 1057 2050 per
1083 1953 1277 2050 epistolam
1304 1964 1483 2023 nostram.
1575 1939 1615 2006 ἤ·

173 2045 276 2120 Idem
301 2044 435 2156 laudat
452 2043 688 2142 Corinthios,
709 2047 885 2144 qnodea,
905 2048 1083 2146 quasillis
1106 2045 1485 2142 tradidisset,.sedulo
1504 2059 1682 2113 scamas.

124 2153 318 2220 tenerent..

462 2215 600 2322 TlT
618 2236 664 2320 U
681 2236 718 2321 L
737 2237 782 2321 U
802 2238 832 2322 S
880 2237 1149 2325 enititur.

516 2407 753 2496 Trz'bulatzb
783 2431 824 2495 et
846 2413 938 2520 ejm
963 2414 1142 2500 utililas..

123 2543 244 2675 Plus
277 2603 397 2678 crevit
422 2561 565 2700 Josepli
586 2603 635 2676 in
651 2602 766 2678 exilio
794 2605 836 2677 in
863 2616 969 2704 terra,
996 2607 1229 2702 paupertatis
1254 2627 1349 2698 sure,
1376 2623 1489 2698 quam
1509 2613 1633 2682 cents·

126 2700 309 2776 crevisset
331 2701 432 2772 inter
450 2699 589 2772 fratres.
611 2725 700 2774 suos
726 2701 884 2776 interra
906 2704 1117 2777 nativitatis
1146 2727 1235 2774 snae.

176 2794 324 2867 Fratres
345 2793 485 2890 Josepb
509 2795 625 2868 locuti
645 2809 735 2870 sunt
759 2798 806 2871 ad
829 2799 1021 2874 invicem:
1043 2801 1176 2873 Meritb
1204 2798 1286 2872 haec
1303 2796 1491 2893 patimur,
1510 2817 1581 2872 cen.
1594 2812 1637 2882 42.

128 2889 220 3052 (μὲι
234 2891 484 3050 peccavimus
506 2891 548 2963 in
576 2887 732 2966 fratrem
759 2907 932 2968 nostrum
956 2921 963 2964 :
992 2893 1132 2967 idcirco
1157 2896 1264 2969 venit
1288 2917 1402 2987 snper
1424 2914 1507 2962 nos.

129 2998 181 3053 tn
208 3009 235 3050 u
250 2997 336 3054 atro.

56 3091 59 3098 '
181 3072 269 3144 Filii
285 3074 407 3145 Isra'el'
424 3088 625 3145 crevemnt
643 3099 693 3144 ex
711 3083 1062 3170 oppressionibuset
1073 3079 1496 3153 tribulationibus-Pha-

131 3167 270 3243 raonis.
298 3166 459 3256 Quando
490 3167 748 3260 opprimebant
780 3195 843 3241 eos
873 3175 1038 3267 AEgyptii
1051 3227 1070 3264 ,.
1087 3175 1197 3245 tantb
1220 3183 1336 3268 magis
1365 3174 1494 3246 multi-

131 3264 372 3362 plicabantur
397 3273 434 3333 et
456 3259 693 3332 crescebant..

184 3357 326 3431 Afflicti·
341 3355 541 3432 filiirlsrael
561 3381 584 3427 a
599 3357 842 3452 serpentibus
852 3359 998 3454 ignitis,
1025 3359 1215 3433 dixerunt*
1234 3360 1281 3432 ad
1306 3365 1464 3458 Moysen
1486 3385 1492 3429 :
1513 3363 1593 3416 num.
1607 3379 1649 3414 ²¹·

134 3452 594 3552 Peccavimus;,quoniam
608 3453 724 3527 locuti
740 3479 871 3528 santus
888 3468 1020 3528 contra
1035 3457 1239 3528 Dominum
1259 3469 1296 3529 et
1312 3468 1442 3529 contra
1458 3467 1495 3526 te

135 3562 205 3624 etc.
218 3552 429 3649 Antequam
448 3573 540 3632 nero
557 3549 741 3623 Dominus
760 3550 835 3624 illis
858 3565 1046 3648 serpentes
1065 3552 1301 3645 immitteret,
1313 3575 1386 3624 nec
1410 3575 1497 3646 pec-

137 3659 265 3720 catum
281 3673 392 3720 suum
413 3646 747 3740 recognoscebant,
765 3671 835 3719 neo
853 3647 1026 3725 divinum
1042 3647 1228 3720 auxilium
1245 3645 1493 3744 postulabant.

187 3743 282 3815 Toto
305 3755 472 3838 tempore
490 3741 728 3840 principatbs·
746 3744 876 3838 Josne,
889 3744 1039 3842 quando
1061 3743 1255 3818 fitiilsraet
1276 3743 1495 3840 gravissima
1514 3755 1592 3807 Josue
1608 3769 1633 3804 ι·

137 3837 267 3936 praelia
292 3840 512 3912 habuerunt
531 3893 541 3932 ,
561 3864 638 3912 non
661 3839 841 3936 leguntur
858 3869 880 3914 a
901 3842 1063 3916 Domino
1086 3842 1280 3915 recessisse
1292 3895 1303 3936 ,
1335 3840 1398 3914 aed
1421 3842 1498 3914 cito¹

139 3947 248 4030 post,
275 3935 426 4029 quando
459 3935 499 4006 in
524 3935 754 4011 abnndantia
784 3951 820 4010 et
852 3941 977 4034 quiete
1009 3935 1180 4011 fuerunt

175 4027 403 4138 'Audiernnt
429 4031 497 4102 filii
523 4032 637 4104 Israel
659 4034 964 4130 quodeilistaei
986 4047 1108 4108 essent
1119 4033 1346 4132 congregati,
1364 4047 1416 4107 ut⁴
1430 4060 1502 4108 ve·
1518 4069 1540 4102 ι.
1553 4047 1617 4116 neg.
1635 4065 1660 4117 7·

141 4134 271 4197 nuent
286 4138 422 4196 contra¹
437 4151 521 4217 eos,
543 4139 580 4198 et
599 4128 771 4203 timentes
795 4130 977 4208 dixerunt
998 4129 1160 4204 samueli
1180 4131 1267 4204 :Ne
1289 4157 1407 4205 cesses
1428 4155 1498 4227 pro

142 4219 253 4293 nobis
277 4219 435 4292 clamare
450 4221 496 4292 ad
523 4223 737 4296 Dominum.

193 4314 356 4412 Fugiens
380 4315 501 4396 David
534 4343 565 4390 a,
581 4319 679 4394 facie.
697 4321 1018 4420 absalensem
1046 4329 1130 4401 sris..
1142 4321 1384 4400 maledicente
1408 4320 1502 4417 sibi,
1522 4337 1676 4474 ''ffijyffi‘
