4502 5484
223 380 484 484 TITULUS
503 393 660 484 xxvt
696 395 950 514 Comptssio
971 421 1069 520 erga
1094 403 1355 516 proximum.
1409 413 1459 526 lp
1559 377 1563 384 ¹
1661 374 1665 380 ¹

148 623 242 701 'Non
258 624 380 700 solum
402 626 513 723 justis
532 625 573 700 iu
592 625 790 702 afflictione
804 625 934 722 positis
958 625 1263 720 compatiendum
1291 639 1366 720 est,
1397 629 1462 703 sed
1479 642 1529 694 ns.
1549 655 1591 694 21-

108 723 225 796 etiam
245 721 499 816 peccatoribus
519 733 557 796 et
580 723 744 818 injustis.
765 721 877 810 Unde
898 721 1043 795 dicebat
1055 721 1189 794 isaias:
1208 735 1362 822 propter
1376 721 1461 799 des·-

108 817 333 891 tructionem
358 817 562 916 Babylonis
577 865 595 910 ,-
613 818 746 914 repleti
780 826 868 890 sunt
907 816 1028 890 lumbi
1055 817 1129 890 mei
1150 815 1293 913 dolore,
1323 845 1459 918 angus-

106 914 163 986 tia
188 911 351 1007 possedit
374 937 464 1002 me,
490 915 588 986 sicut
608 914 779 1007 angustia
794 914 1046 1008 parturientis.

156 1007 297 1080 Videns
332 1009 373 1080 in
399 1009 534 1102 spiritu
569 1007 670 1080 idem
704 1009 948 1080 calamitatem
978 1019 1294 1104 superventuram
1320 1014 1457 1108 populo
1477 1045 1511 1094 n.
1531 1057 1599 1107 sm,

110 1127 210 1194 sue,
238 1101 408 1174 dicebat:
428 1101 620 1191 Recedite,
647 1107 770 1174 arnar'e
791 1102 898 1174 flebo.
915 1101 1042 1174 Nolite
1059 1105 1296 1196 incumbere,
1316 1120 1359 1178 ut
1376 1131 1460 1178 cou-

106 1197 286 1270 solemini
312 1223 372 1268 me
403 1221 515 1290 super
532 1197 707 1286 vastitate
728 1195 815 1268 filiae
840 1221 888 1291 po
914 1196 969 1268 uli
990 1198 1073 1266 mei.

154 1291 295 1364 Dolens
314 1290 560 1364 abdemelech
598 1289 778 1388 aethiops,
804 1317 857 1388 qu
923 1290 1101 1362 Jeremias
1123 1291 1303 1388 propheta
1323 1296 1459 1366 missus
1477 1330 1530 1378 J„
1553 1329 1596 1379 33,

102 1397 188 1459 erat
210 1386 250 1456 in
281 1381 403 1458 lacurn
426 1386 602 1478 leonum,
621 1387 662 1457 iu
688 1413 765 1482 quo
792 1412 870 1458 non
894 1399 972 1458 erat
996 1410 1093 1481 aqua
1116 1385 1179 1457 sed
1204 1387 1350 1480 lutum,
1373 1415 1460 1484 pro·

102 1481 257 1554 curavit
276 1480 375 1576 apud
400 1505 550 1574 regent,
580 1494 623 1556 ut
644 1481 859 1554 extraheret
879 1481 1000 1553 illum.

155 1576 250 1647 Cum
275 1577 480 1670 scripsisset
502 1575 652 1649 Barneh
669 1578 787 1650 verba
802 1576 1103 1648 comminationis
1116 1597 1169 1647 ex
1187 1601 1250 1648 ore
1270 1577 1531 1670 Jeremiae,1‹÷r·
1549 1573 1591 1643 4³·
1610 1573 1652 1642 t&

99 1669 234 1742 dixit:
257 1669 325 1742 Vae
349 1671 443 1743 mihi
459 1672 617 1760 misero,
637 1673 815 1768 quoniam
842 1669 984 1742 addidit
1006 1673 1191 1743 Dominus
1212 1671 1457 1744 doloremdo*

101 1765 176 1840 lori
195 1791 288 1840 meo.
307 1768 355 1840 Et
377 1780 504 1840 tainen
522 1766 667 1840 dicebat
729 1768 863 1863 polus,
884 1763 984 1863 quod
1000 1765 1151 1839 Beruch
1171 1768 1344 1840 incitaret
1360 1769 1457 1841 Jere-

100 1861 219 1932 utiam
242 1859 420 1936 adversus
443 1889 524 1952 ees,
550 1876 595 1936 ut
616 1875 674 1934 tra
700 1875 853 1934 crentur
877 1863 919 1933 in
936 1885 1071 1934 manus
1100 1861 1373 1936 Chaldaeorum.

154 1953 248 2026 Cum
266 1956 664 2041 revelassetDominus
675 1955 863 2028 Ezechieli
876 1969 1047 2050 peccata,
1063 1979 1148 2050 quae
1170 1957 1331 2052 populus
1343 1960 1456 2030 Israel,
1473 1960 1566 2012 nacn.
1583 1960 1611 2009 3·
1625 1973 1651 2022 e

102 2048 281 2140 faciebat,
304 2061 340 2119 et
354 2075 508 2206 poenes,
536 2075 629 2144 quas
643 2074 823 2148 passurus
844 2062 941 2142 erat,
958 2048 1032 2121 suit
1055 2052 1295 2141 amaricatus,
1315 2053 1455 2142 tristis,

102 2156 143 2212 et
164 2143 358 2232 gemebunt
375 2167 427 2212 us.

112 2289 116 2306 .
157 2233 238 2304 Rex
256 2231 391 2302 Darius
422 2231 541 2302 sciens
567 2235 758 2302 Danielem
781 2239 949 2343 positum
970 2237 1011 2300 in
1034 2235 1158 2306 lacui-u
1184 2236 1358 2328 leonum,
1380 2263 1456 2334 prae
1473 2263 1542 2312 nan.
1560 2261 1587 2310 6.

93 2327 231 2400 dolore
250 2323 429 2396 dormivit
458 2325 703 2412 incoenatus,
724 2325 872 2418 cibique
895 2347 975 2395 nen
997 2335 1088 2396 sunt
1108 2323 1203 2394 illati
1225 2349 1349 2397 coram
1383 2355 1449 2418 eo,

97 2426 258 2514 insuper
273 2428 317 2489 et
339 2442 493 2488 somnus
517 2417 669 2489 recessit
698 2417 745 2487 ab
758 2441 817 2488 eo„
1425 2479 1431 2486 .

154 2519 332 2609 Magnum
358 2511 525 2593 dolorem,
547 2509 680 2584 habuit
699 2511 814 2584 Ouiae
850 2507 1041 2598 sacerdos,
1062 2511 1213 2606 quando
1236 2511 1335 2584 vidit
1356 2526 1456 2586 tent-
1475 2540 1499 2574 2·
1515 2521 1601 2572 utet.
1623 2517 1648 2574 3

98 2611 209 2709 plum
234 2633 300 2704 per
320 2605 560 2679 Heliodorum
583 2605 715 2680 debere
736 2605 909 2703 spoliari,
938 2617 975 2678 et
1001 2603 1167 2700 deposita
1192 2605 1396 2680 viduarum
1420 2621 1457 2680 et

97 2703 333 2803 pupillorum
363 2701 514 2776 auferri.

152 2797 363 2874 Antiochus
395 2823 466 2872 rex
490 2797 657 2889 nobilis,
683 2798 774 2870 lieet
804 2794 1011 2896 specialiter
1036 2807 1132 2866 esset
1159 2795 1303 2886 malus,
1329 2808 1457 2872 tamen
1475 2823 1499 2858 ²·
1518 2802 1651 2868 Meet-to

98 2894 259 2969 audiens
298 2895 434 2968 Oniarn
462 2917 653 2966 summum
687 2891 913 2966 sacerdotem
950 2891 1081 2987 inique
1119 2887 1235 2962 fuisse
1269 2892 1455 2986 occisum,

96 2991 226 3066 flexus
253 2989 300 3062 ad
331 2987 645 3078 misericordiam,
675 2989 861 3087 lacrymas
883 2983 993 3058 fudit.

153 3083 379 3156 Accedentes
402 3083 575 3178 discipuli
598 3083 644 3154 ad
671 3084 894 3173 Dominum,
911 3081 1091 3174 rogabant
1108 3105 1196 3152 eum
1213 3107 1281 3178 pro
1298 3083 1455 3156 muliere
1474 3097 1571 3148 ttutt.
1593 3099 1631 3150 15.

95 3180 310 3263 Conantes,
337 3175 527 3247 dieentes:
552 3177 706 3248 Dimitte
727 3201 836 3268 eam,
859 3175 948 3270 quia
971 3174 1106 3246 clamat
1177 3186 1211 3248 st
1234 3201 1313 3248 nos.

157 3271 296 3342 Contra
317 3267 484 3340 nolentes
511 3293 591 3340 eom
643 3272 671 3341 ti
719 3270 887 3361 mxime,
915 3281 1028 3341 etex
1047 3293 1091 3342 co
1137 3295 1157 3340 e
1180 3271 1456 3361 remittere,in·
1474 3281 1571 3332 Mttth·
1592 3299 1614 3329 1-

96 3367 214 3437 ‹lucit
237 3361 432 3434 Dominus·
453 3361 595 3456 parabo
608 3387 665 3430 ans
692 3297 738 3432 de
763 3387 871 3435 seruo
892 3387 1078 3457 nequam,
1102 3363 1169 3432 cui
1193 3363 1294 3433 mille
1317 3357 1456 3434 talenta

100 3462 266 3532 suerunt
298 3454 482 3546 remissa,
521 3463 558 3523 et
582 3451 704 3525 noluit
742 3453 927 3526 dimittere
970 3476 1151 3525 conservo
1197 3478 1265 3524 suo
1306 3466 1457 3524 centum

99 3551 290 3625 denarios.
748 3615 757 3623 .

157 3646 215 3718 Ad
243 3641 318 3715 hoc
344 3643 445 3740 quod
470 3665 582 3714 nemo
607 3641 767 3714 libenter
792 3640 1045 3736 compatiatur
1068 3638 1243 3732 proximo
1276 3648 1312 3709 et
1343 3639 1456 3711 mise-
1475 3653 1571 3705 narrt.
1591 3653 1633 3707 2t

98 3755 236 3818 reatui·
265 3738 403 3834 ipsius,
430 3737 592 3810 multum
615 3736 704 3810 facit
757 3735 859 3847 quod
881 3731 1087 3832 specialiter
1106 3729 1172 3804 fiet
1193 3731 1395 3828 disputatio
1409 3733 1453 3806 de

95 3831 564 3934 operibusmisericordiae
592 3792 809 3930 injudicio.
1271 3895 1274 3903 .

159 3928 254 4001 Cum
282 3927 437 4002 vidisset
470 3927 653 4002 Dominus
683 3925 834 4000 flentem
860 3925 1036 4016 viduam,
1065 3924 1177 4018 cujus
1199 3922 1300 3996 filius
1324 3923 1452 4000 effere-
1471 3938 1535 3990 Luc.
1564 3958 1586 4006 ς.

97 4029 220 4097 batur
245 4021 467 4115 defunctus,
498 4021 748 4107 misericordie
771 4034 896 4095 motus
931 4043 1042 4116 super
1069 4041 1174 4113 eam,
1207 4018 1337 4092 dixit:
1367 4019 1451 4092 Noli

98 4121 217 4208 flere,
247 4131 283 4190 et
303 4129 494 4191 mortuum
509 4117 611 4204 iilius
634 4117 754 4190 filium
781 4118 985 4192 suscitavit.

156 4213 331 4285 Misertus
351 4224 406 4284 est
430 4213 614 4284 Dominus
636 4213 755 4288 turbae
776 4213 980 4310 indigenti,
1011 4210 1100 4316 quia
1119 4210 1297 4308 pedestris
1327 4223 1452 4284 secuta
1472 4219 1567 4274 uatis.
1585 4221 1623 4284 14·

99 4333 196 4382 eum
222 4305 410 4404 suerstin
439 4306 595 4404 deserto,
910 4404 940 4470 G
1472 4291 1553 4340 Mare·
1568 4287 1595 4336 t
