4498 5462
290 401 557 515 TITULUS
595 403 854 492 LXXXVII.
880 404 1056 489 Justitia
1088 423 1131 487 et
1156 401 1344 515 aequitas.
1432 398 1502 486 161

155 624 249 696 lorte
271 627 424 723 spiritns
444 628 597 700 Domini
615 628 857 724 projecissent
877 652 986 720 eum,
1003 651 1090 703 cum
1114 641 1242 700 tamen
1258 626 1391 716 sciret,
1407 621 1509 718 quod

142 717 362 796 laborarent
378 725 418 795 in
439 749 593 796 vanum.
702 809 705 816 ¹
960 733 964 744 '

198 813 430 902 Testimonio
456 820 609 891 Domini
634 822 775 913 justam
794 845 874 892 rem
891 819 1178 915 postulaverunt
1201 818 1287 891 filiae
1304 813 1509 912 Salpbaad,
1531 819 1610 872 Nam.
1630 836 1671 889 ατ·
1716 902 1726 918 .

153 934 236 1003 quae
254 912 293 982 in
313 911 529 987 haereditate
552 927 705 1007 paterna
728 914 922 986 succedere
941 941 962 986 a
979 921 1109 1012 Moyse
1132 921 1333 1010 petierunt.

198 1005 282 1078 Rex
297 1007 558 1082 Adonibezech
575 1009 865 1105 comprehensus
890 1036 914 1080 a
932 1010 1037 1084 Filiis
1058 1009 1194 1102 Isra‘el,
1216 1009 1334 1082 dixit:
1353 1008 1508 1102 Septua-
1529 1005 1614 1058 suda.
1642 1019 1663 1059 ¹·

153 1099 256 1192 ginta
278 1127 404 1198 reges,
424 1103 625 1198 amputatis
652 1127 834 1174 manuum
857 1129 900 1174 ac
925 1105 1061 1198 pedum
1086 1105 1388 1192 summitatibus,
1404 1101 1510 1172 colli-

152 1196 304 1360 gelblnl]
311 1199 382 1305 sub
400 1221 532 1268 mensa
550 1220 632 1268 mea
648 1198 819 1271 ciborum
836 1199 1035 1292 reliquias,
1050 1201 1147 1274 sicut
1165 1199 1254 1290 feci,
1272 1200 1326 1271 ita
1347 1195 1510 1269 reddidit

152 1311 189 1358 m
236 1315 251 1359 1
307 1315 468 1362 ominus.

201 1383 374 1456 Adducto
394 1387 494 1482 Agag
515 1411 598 1481 rege
632 1383 808 1460 Amalech
829 1399 952 1460 coram
984 1385 1174 1478 Samuele,
1202 1387 1254 1459 ait
1279 1390 1314 1458 ei
1336 1385 1509 1458 Samuel:
1533 1407 1556 1440 ¹·
1570 1390 1633 1458 neg.
1646 1389 1687 1442 ¹⁵·

151 1477 241 1586 lecit
258 1479 397 1644 abstpre
418 1481 545 1553 liberis
567 1481 741 1555 mulieres
753 1481 925 1576 glaudius
942 1495 1032 1554 tuus
1044 1536 1054 1574 ,
1067 1485 1119 1554 sic
1135 1484 1275 1578 absque
1291 1482 1419 1554 liberis
1437 1481 1508 1551 erit

149 1585 250 1644 inter
276 1599 340 1643 mu
357 1600 449 1648 teres
476 1588 597 1648 mater
614 1588 690 1648 tua.

150 1734 154 1740 .
196 1667 304 1740 Dixit
321 1669 442 1745 David
459 1671 505 1743 ad
529 1670 633 1762 Saul,
645 1672 711 1767 qui
733 1696 819 1742 eum
836 1673 978 1766 injuste
995 1672 1305 1768 persequebatur:
1324 1669 1508 1742 Dominus
1531 1699 1554 1733 ι.
1569 1685 1631 1748 aes·
1646 1681 1687 1734 2ss

147 1764 330 1836 retribuet
356 1767 562 1876 unicuique
581 1765 788 1838 secundum
807 1766 994 1862 justitiam
1021 1781 1187 1838 suamet
1209 1765 1332 1838 fidem.

198 1857 402 1932 Constituit
418 1861 559 1953 Davrd,
571 1874 607 1933 et
626 1859 733 1956 qu'asi
753 1887 820 1956 pro
833 1860 913 1956 lege
923 1861 1097 1934 habitum
1124 1875 1201 1954 est,
1218 1872 1387 1956 utaequa
1411 1872 1507 1933 esset
1530 1871 1553 1904 ¹·
1574 1855 1637 1922 ΗΕΒ·
1654 1855 1696 1907 3⁰·

145 1976 235 2049 pars
254 1953 511 2028 descendentis
527 1955 573 2026 ad
598 1956 790 2054 praelium,
809 1970 847 2029 et
867 1958 1094 2029 remanentis
1118 1955 1165 2028 ad
1188 1957 1361 2028 sarcinas.

199 2046 322 2122 David
344 2049 465 2122 noluit
487 2050 652 2145 accipere
676 2051 788 2144 gratis
812 2051 858 2122 ab
876 2053 1029 2122 Arauna
1044 2051 1216 2123 Jebusaeo
1229 2075 1376 2141 aream,
1393 2073 1507 2146 quam
1530 2050 1626 2115 ὼε·
1640 2047 1684 2113 ²4·

145 2139 289 2214 habere
308 2143 477 2234 volebat,
494 2145 558 2216 sed
586 2147 688 2237 justo
703 2146 823 2238 pretio
854 2145 1051 2216 mediante.

199 2237 367 2311 Audiens
390 2239 550 2312 hoedum
577 2239 767 2310 balantem
796 2240 953 2327 Tobiae,
969 2236 1069 2310 dixit
1087 2265 1095 2307 :
1115 2239 1249 2311 Videte
1275 2265 1324 2310 ne
1341 2237 1509 2310 furt'vus
1526 2245 1595 2295 Tob-
1614 2259 1639 2294 ²

145 2330 219 2424 sit,
232 2331 296 2404 sed
314 2333 458 2406 reddite
486 2361 574 2408 eum
591 2333 763 2406 Dominis
775 2333 863 2406 suis.
884 2331 983 2421 Quia
1001 2333 1181 2404 nonlicet
1196 2331 1306 2404 vobis
1322 2343 1388 2403 aut
1403 2265 1510 2404 edere

144 2451 200 2498 ex
219 2425 345 2520 furto,
361 2440 428 2518 aut
449 2431 673 2524 contingere.

169 2523 326 2618 ,ΡτωοεΙ
349 2537 388 2596 to
410 2527 507 2622 regis
528 2521 699 2612 Assueri,
722 2523 906 2616 superbus
930 2535 966 2590 et
986 2523 1143 2614 iniquus
1162 2525 1284 2592 Arnan
1307 2545 1511 2615 suspensus
1528 2517 1663 2588 mett,
1679 2516 1707 2570 ἃ

139 2628 205 2690 est
231 2618 273 2691 in
294 2550 360 2692 illo
381 2619 510 2694 eodem
535 2617 725 2716 patibu10‚
744 2613 847 2712 quod
874 2615 954 2709 ipse
1003 2626 1174 2688 araverat
1194 2610 1453 2706 mardochaeo,
1471 2627 1509 2685 et

130 2705 276 2786 'hostes
302 2714 519 2790 Judaeorum
546 2715 675 2788 eodem
703 2711 763 2787 die
785 2711 833 2785 ab
858 2711 949 2808 ipsis
973 2637 1125 2784 ludaris
1140 2709 1253 2782 occisi
1275 2721 1387 2802 sunt,
1413 2733 1508 2807 quos

86 2835 94 2848 ¹
139 2799 204 2882 illi
228 2808 393 2882 occidere
420 2823 661 2908 putaverunt
738 2883 746 2896 ,
1128 2890 1133 2897 ,

195 2903 335 2978 Contra
355 2905 586 3006 Babylonem
602 2905 831 3004 prophetans
856 2903 1035 2978 Jeremias
1059 2903 1127 2978 ait:
1142 2899 1296 2976 Reddite
1316 2900 1351 2974 ei
1379 2924 1509 2976 secun·
1525 2902 1622 2964 rerem.
1644 2902 1687 2956 δῶ

136 2998 241 3072 diam
267 3027 360 3093 opus
383 3029 494 3075 suum
510 3005 643 3100 ,juxta
657 3007 904 3098 omnia,quae
925 2998 1159 3094 fecit,facite
1180 2998 1247 3072 illi.

198 3093 361 3161 Jubente
391 3095 505 3166 Dario
538 3121 645 3188 rege,
661 3097 838 3189 viri,qui
871 3109 1144 3169 accusaverunt
1174 3091 1511 3190 Danielem,missi·
1524 3097 1703 3166 masan.
1780 3100 1785 3116 ’

141 3184 296 3258 suntin
310 3184 434 3256 lacum
448 3185 601 3258 leonum
610 3238 621 3276 ,
631 3199 668 3257 et
677 3211 755 3258 non
767 3200 1023 3278 pervenerunt
1042 3213 1160 3281 usque
1172 3187 1219 3256 ad
1231 3189 1507 3280 pavimentum,

139 3281 269 3354 donec
285 3279 491 3372 arriperent
502 3305 563 3360 eos
579 3279 705 3351 leones
717 3333 727 3370 ,
739 3291 777 3349 et
794 3279 921 3350 omnia
942 3303 1026 3354 ossa
1041 3303 1171 3352 eorum
1191 3280 1506 3351 comminuerunt.

196 3373 302 3452 Fecit
323 3370 484 3472 populus
499 3371 646 3444 duobus
668 3371 898 3468 presbyteris
916 3374 1091 3463 senibus,
1116 3374 1184 3470 qui
1210 3372 1341 3466 inique
1355 3396 1507 3445 accusa·
1525 3375 1596 3428 Μ·
1621 3381 1663 3432 ¹&

138 3479 291 3548 verunt
307 3471 518 3544 Susannam
529 3520 540 3560 ,
552 3465 649 3538 sicut
663 3464 759 3537 male
778 3478 928 3558 egerant
948 3465 1129 3540 adversbs
1148 3466 1386 3561 proximum,
1396 3478 1433 3537 et
1447 3467 1509 3538 in-

137 3565 378 3642 terfecerunt
396 3588 469 3636 eos

198 3663 245 3733 In
274 3655 402 3732 eodem
421 3655 529 3747 1000,
549 3656 592 3729 in
620 3681 697 3753 quo
722 3651 960 3726 Andronicus
985 3654 1126 3762 injuste
1154 3651 1339 3724 occiderat
1373 3651 1509 3722 Oniam
1527 3671 1552 3754 ²:
1572 3655 1659 3712 Mach·
1678 3663 1705 3730 4.

134 3779 343 3832 summum
378 3749 630 3845 sacerdotem,
645 3751 734 3826 fecit
771 3773 858 3822 eum
893 3749 975 3822 vitat
1012 3750 1180 3846 privari,
1202 3744 1370 3844 purpurei
1402 3745 1507 3842 prius

136 3861 333 3942 exutum,
348 3845 568 3922 Antiochus.
627 3866 631 3876 '
1607 3915 1617 3921 ,

196 3945 340 4041 Impius
356 3945 489 4034 lason,
508 3943 575 4037 qui
588 3938 794 4036 insepultos
814 3941 998 4039 adjecerat
1028 3939 1188 4034 multos,
1204 3941 1283 4033 ipse
1297 3935 1507 4010 illamenta-
1524 3964 1550 4000 a.
1569 3945 1657 4008 Maca.
1675 3950 1702 4010 ὅ.

134 4055 215 4118 tus
238 4051 275 4111 et
293 4039 502 4140 insepultus
521 4037 799 4136 abjicitur,nec
820 4039 1009 4135 propriam
1030 4060 1100 4111 nec
1118 4034 1350 4134 peregrinam
1370 4031 1505 4113 habuit
1626 4037 1633 4048 ’

132 4134 618 4330 ae,1llllnlllddllniishomicida
643 4239 681 4304 et
701 4227 941 4329 blasphemus
953 4229 1126 4402 pessime
1151 4251 1349 4328 percussus
1360 4281 1371 4324 ‚
1386 4237 1505 4326 utque
1522 4231 1649 4294 amca
1671 4251 1701 4304 s·
