4310 5472
196 337 198 344 Ι
234 478 239 492 ,
294 391 557 482 TtTULUS
584 391 632 477 L.
669 393 895 478 Festorum
932 391 1199 474 Observatio.
1370 386 1422 495 93

73 652 283 728 pugnemus
309 605 487 701 adversus
510 653 623 700 eum:
649 626 733 698 Non
759 626 860 698 enim
883 624 1020 696 dicitur
1042 649 1136 720 opus
1164 621 1297 720 servile
1330 633 1425 716 pug‘-
1541 687 1542 692 ,

39 761 44 769 ·
73 749 165 796 nare
191 749 259 820 pro
284 723 550 814 mendavia,
576 723 638 796 vel
665 722 829 817 prolege
851 721 929 792 Dei.

28 815 32 822 ’
121 817 355 890 Machabaeus
382 817 498 916 ludas
524 831 561 889 et
584 819 674 888 socii
696 818 778 906 sui,
813 827 1020 911 pugnantes
1044 826 1173 886 contra
1200 812 1423 886 Nicanorem
1445 835 1470 871 2·
1494 817 1581 870 tract.
1595 819 1621 869 8·

71 925 110 984 et
138 915 346 988 exercitum
374 938 507 1002 suum,
534 908 803 983 interfecerunt
819 937 923 1007 9,ooo
949 909 1163 1000 hominum,
1191 921 1341 980 caeteros
1357 917 1426 996 atr7

71 1021 149 1078 tem
175 1007 302 1080 suffere
324 1005 612 1100 compulerunt:
637 1003 794 1076 sednon
815 1016 1149 1100 perseveraverunt
1166 1005 1424 1098 insequentes,

72 1127 117 1172 eo
140 1066 342 1196 quoderat
367 1111 453 1170 ante
473 1099 685 1169 Sabbatum.

120 1196 284 1266 Nicanor
305 1192 481 1286 cogitavit
503 1217 589 1264 cum
611 1193 715 1263 omni
741 1192 885 1286 impetu
913 1191 972 1262 die
995 1191 1143 1262 Sabbati
1165 1191 1303 1262 bellum
1325 1215 1428 1260 com·
1445 1180 1626 1234 '‘Mem-

70 1291 237 1360 mittere:
258 1287 321 1358 sed
337 1287 475 1378 Judaei,
492 1288 560 1382 qui
577 1313 663 1358 eum
680 1305 747 1380 per
763 1287 1018 1358 necessitatem
1037 1311 1075 1355 se
1102 1285 1306 1374 uebantur,
1324 1283 1428 1354 dixe

71 1394 165 1454 runt
184 1383 233 1452 ei:
258 1382 311 1454 Ne
333 1385 386 1454 ita
408 1381 580 1454 ferociter
598 1406 640 1452 ac
662 1382 817 1455 barbare
832 1380 985 1475 feceris,
1009 1313 1277 1453 sedqhonorem
1304 1379 1429 1451 tribue

72 1475 148 1548 diei
173 1477 486 1550 sanctificationis.

120 1572 321 1666 Discipulis
343 1573 494 1644 Domini
515 1572 740 1646 vellentibus
764 1574 881 1668 spicas
904 1585 940 1645 et
963 1571 1296 1659 manducantibus,
1320 1566 1430 1640 dixe-
1447 1572 1544 1626 Mattt.
1562 1587 1606 1622 ¹²·

68 1677 163 1736 runt
179 1667 375 1738 Pharisaei:
397 1669 491 1739 Ecce
515 1667 682 1760 faciunt,
702 1667 802 1764 quod
819 1694 898 1740 non
922 1668 1008 1739 licet
1033 1666 1153 1738 facere
1177 1665 1353 1738 sabbatis.
1379 1665 1428 1734 At

69 1760 133 1830 ille
156 1759 254 1833 dixit
277 1762 356 1832 eis:
380 1761 464 1833 Non
489 1764 640 1858 legistis,
664 1763 766 1859 quod
791 1762 880 1836 fecit
901 1761 1048 1838 David?
1073 1763 1271 1858 Sequitur:
1295 1758 1429 1830 Domi-

69 1879 147 1927 nus
170 1867 226 1927 est
250 1856 351 1928 filius
378 1855 561 1950 hominis,
583 1861 695 1930 etiam
717 1860 876 1931 Sabbati.
1386 1858 1390 1865 ¹

122 1949 290 2023 Salvator
307 1962 435 2023 noster
455 1952 591 2046 legitur
612 1953 654 2022 in
680 1953 847 2024 Sabbatis
870 1954 989 2025 multa
1010 1954 1141 2026 fecisse
1162 1949 1362 2042 miracula,
1385 1963 1430 2024 ut
1446 1959 1511 2010 nuc.
1533 1956 1564 2006 ⁶·

71 2055 176 2134 patet
197 2047 411 2142 peremnia
433 2047 646 2140 Evangelia.
670 2047 788 2141 Cujus
814 2047 910 2119 ratio
936 2049 1075 2142 triplex
1097 2050 1277 2142 assignari
1298 2057 1429 2138 potest.
1548 2045 1552 2053 ’

72 2139 179 2224 Una,
201 2149 245 2204 ut
273 2161 310 2206 se
329 2139 534 2210 Dominum
556 2140 787 2231 ostenderet,
816 2153 861 2212 ut
883 2167 995 2236 supra
1011 2141 1142 2214 Matth.
1170 2167 1222 2210 12¹.
1244 2139 1430 2228 Secunda,

73 2241 122 2300 ut
152 2251 282 2300 veram
297 2227 581 2318 intelligentiam
596 2236 770 2322 praecepti
780 2235 908 2301 daret:
931 2237 1020 2322 quia
1037 2260 1117 2306 non
1137 2236 1183 2302 ab
1202 2235 1307 2304 omni
1322 2258 1432 2326 opere

73 2319 319 2409 cessandum,
340 2319 473 2391 Matth·
502 2348 553 2391 12.
574 2323 663 2393 Luc.
683 2323 716 2394 6.
743 2323 803 2392 An
820 2322 907 2393 licet
933 2323 1091 2395 Sabbato
1116 2328 1210 2394 bene
1237 2326 1356 2394 facere
1383 2351 1434 2394 an

76 2413 212 2488 male?
247 2415 411 2484 animam
438 2415 579 2487 salvam
605 2416 748 2506 facere,
770 2442 827 2511 an·
841 2413 993 2509 perdere
1017 2415 1036 2484 l
1059 2419 1206 2507 Tertia,
1238 2429 1282 2488 ut
1307 2417 1432 2512 plures

72 2510 272 2600 homines,
296 2507 490 2581 audientes
512 2535 598 2581 eum
626 2521 663 2580 et
685 2508 875 2598 videntes,
899 2509 1121 2599 aedificaret,
1142 2523 1186 2581 ut
1205 2511 1293 2582 Luc.
1321 2509 1372 2580 13.
1474 2597 1476 2602 Ι

65 2611 69 2624 “
126 2605 222 2676 Cum
261 2603 426 2676 currisset
457 2603 674 2677 inclinatam
703 2604 922 2693 mulierem,
952 2602 1281 2700 Archisynagogus
1310 2603 1433 2698 indig-
1452 2633 1516 2686 Luc.
1540 2631 1611 2682 rs..
1654 2603 1676 2631 ⁵

73 2725 200 2791 nans,
233 2699 323 2795 quia
349 2698 514 2770 currisset
545 2701 702 2772 Sabbato
728 2698 859 2791 Jesus,
882 2699 1028 2771 dicebat
1059 2699 1211 2772 turbae:
1246 2701 1321 2772 Sex
1354 2699 1434 2771 dies'

74 2807 184 2886 sunt,
210 2795 252 2866 in
289 2791 434 2892 quibus
458 2807 603 2888 oportet
631 2797 796 2894 operari,
826 2793 956 2867 inhia
989 2820 1075 2890 ergo
1108 2797 1234 2868 venite
1262 2807 1299 2865 et
1327 2818 1436 2867 cura-

68 2892 188 2981 mini,
217 2903 254 2962 et
274 2915 351 2961 non
377 2891 417 2962 in
440 2889 499 2960 die
522 2891 679 2964 Sabbati.
704 2891 950 2985 Respondeas
966 2891 1150 2962 Dominus
1173 2890 1282 2964 Jesus
1302 2890 1436 2962 Archi-

76 3011 285 3081 synagogo,
301 2985 653 3082 dixittllypocritae,
667 2989 928 3082 unusquisque
942 2987 1111 3060 vestrdm
1132 2987 1290 3058 Sabbato
1308 3010 1447 3057 nonne*

77 3079 192 3150 solvit
212 3081 349 3150 bovem
377 3105 488 3150 suum
511 3093 577 3151 aut
604 3083 750 3153 asinum
773 3099 796 3150 a
815 3084 1011 3175 praesepio,
1035 3095 1071 3153 et
1095 3080 1199 3153 ducit
1226 3079 1440 3176 adaquare?

78 3173 186 3241 Hane
209 3181 334 3240 autem
355 3171 472 3264 filiam
495 3174 672 3264 Abrabae,
696 3200 807 3268 quam
831 3175 997 3268 alligavit
1015 3177 1182 3266 Satanas,
1204 3201 1287 3246 ecre
1309 3177 1438 3246 decem

80 3277 119 3336 et
143 3275 227 3335 octo
249 3265 375 3352 annis,
397 3289 474 3335 non
494 3263 665 3358 'oportuit
690 3269 785 3350 solvi
809 3294 831 3338 a
849 3269 1004 3342 vinculo
1020 3269 1092 3340 isto
1115 3266 1174 3338 die
1197 3267 1370 3338 sabbati?
1388 3273 1437 3340 Et

80 3384 168 3432 cum
191 3358 272 3430 haec
294 3355 449 3445 diceret,
472 3359 736 3452 erubescebant
766 3387 893 3434 omnes
916 3363 1121 3434 adversarii
1138 3366 1238 3456 ejus,
1256 3373 1292 3430 et
1315 3363 1441 3430 onmis

79 3455 243 3620 piopulus
277 3448 459 3548 gaudebat
490 3450 533 3519 in
564 3453 777 3546 universis,
803 3479 887 3549 quae
922 3456 1078 3548 gloriose
1108 3481 1129 3524 a
1161 3455 1310 3525 Christo
1348 3453 1440 3522 Jesu

111 3573 130 3618 e
157 3559 233 3619 ant.

134 3641 307 3713 Mulieres
327 3651 481 3732 sanctae,
530 3662 592 3711 uae
611 3651 831 3732 paraverant
854 3651 1036 3730 aromata,
1052 3639 1098 3710 ad
1121 3639 1340 3734 ungendum
1362 3664 1438 3712 cor
1456 3654 1520 3708 Luc.
1540 3657 1583 3725 24.

110 3763 154 3808 us
172 3665 673 3829 dominicum,itadist1icte
691 3734 890 3807 servabant
907 3734 1126 3824 Sabbatum,
1143 3749 1186 3807 ut
1204 3736 1271 3807 tali
1292 3735 1351 3807 die
1369 3761 1439 3806 no-

82 3763 224 3902 luerint
242 3843 319 3903 tam
339 3843 511 3905 sanctum
534 3855 668 3924 eorpus
690 3830 887 3925 inungere.
907 3829 1018 3902 Unde
1040 3829 1198 3904 Sabbato
1216 3830 1367 3928 quidem
1387 3831 1440 3903 si-

84 3925 238 3998 luerunt
261 3925 465 3998 secundum
489 3937 726 4022 praeceptum.

134 4021 292 4092 Sabbato
310 4021 496 4115 requievit
523 4021 706 4092 Dominus
726 4019 765 4090 in
787 4022 966 4117 sepulcro.
1456 4063 1533 4112 roan.
1556 4076 1600 4128 ¹9·

133 4115 222 4185 Dies
245 4115 392 4187 Sabbati
406 4112 487 4188 'erat
510 4128 595 4212 apta
613 4115 819 4210 specialiter
837 4130 873 4188 et
892 4118 1118 4192 conveniens
1144 4117 1191 4190 ed
1208 4117 1437 4192 audiendum
1456 4161 1547 4212 Ago„
1575 4160 1617 4210 ,3‚

84 4209 250 4382 {eibum}
270 4221 307 4280 et
332 4210 449 4382 lqgem
469 4213 556 4310 Dei,
576 4235 686 4314 voces
707 4211 988 4312 prophetarum,
1016 4239 1101 4315 quae
1121 4241 1188 4314 per
1216 4239 1325 4288 omne
1347 4216 1438 4288 Sab-
1491 4235 1520 4280 a
1533 4229 1578 4279 rc.

114 4327 218 4402 aum
251 4329 426 4406 egon-ur,
1392 4347 1396 4354 ·
