4310 5472
672 343 675 350 .
785 281 861 362 108
952 220 1216 360 TITULUS
1245 267 1337 358 LX.
1381 267 1610 356 Gratitudo
1649 297 1749 388 erga
1785 269 1952 358 Deum.

780 505 862 586 tua,
881 507 917 568 et
935 493 1041 588 quasi
1054 503 1339 566 monumentum
1353 503 1442 564 ante
1454 489 1601 564 occulos
1620 501 1775 583 tuos,ut
1788 487 1852 564 lex
1866 491 2038 566 Domini
2051 522 2154 574 sem-

780 615 847 686 per
869 591 971 664 sitin
995 615 1057 661 ore
1076 602 1151 662 tuo.

586 703 670 758 moa.
684 701 727 756 ι5.
830 686 972 758 Ceciuit
994 689 1142 782 Moyses
1165 697 1201 758 et
1221 683 1289 756 filii
1310 682 1422 756 Isra'e'l
1446 705 1594 754 carmen
1617 683 1710 774 Deo,
1722 691 1759 754 et
1781 680 1991 756 dixerunt:
2015 687 2152 764 Cante-

781 805 865 854 mus
883 781 1053 950 {triplum
1071 783 1273 878 Postquam
1290 777 1466 876 (scilicet)
1481 789 1560 852 tam
1577 777 1795 852 mirabiliter
1804 781 2052 856 transierant
2071 813 2145 858 ma-

780 901 820 949 re
846 905 891 950 ru
968 901 1015 948 m.

587 990 667 1042 Num.
685 990 727 1044 31.
830 973 991 1046 Obteuta
1021 971 1067 1043 de
1089 973 1251 1045 inimicis
1281 969 1442 1044 mirabili
1466 971 1643 1062 victoria,
1668 981 1857 1043 venerunt
1888 971 1942 1042 ad
1975 979 2137 1058 Hersen

804 1065 963 1164 rincipes
985 1067 1172 1138 exercitas
1194 1068 1321 1158 lsrael,
1343 1067 1524 1155 dicentes,
1547 1067 1648 1160 quod
1671 1065 1799 1138 nullus
1824 1065 1959 1140 fuerat
1981 1059 2134 1148 de'filir's

778 1095 890 1234 lsrael
910 1163 951 1236 in
977 1161 1072 1233 bello
1090 1164 1253 1234 occisus:
1276 1173 1454 1234 ettamen
1475 1159 1671 1234 hominum
1696 1173 1733 1232 et
1751 1162 1981 1236 animalium
2005 1193 2128 1263 rapae

777 1269 869 1330 runt
882 1281 1053 1353 magnam
1076 1255 1257 1356 praedam‚
1275 1269 1312 1332 et
1330 1257 1378 1329 ob
1402 1255 1502 1328 hanc
1522 1280 1672 1328 causam
1687 1255 1787 1328 dona
1816 1281 1961 1354 magna
1993 1264 2128 1338 obtule

583 1467 661 1518 rone
677 1463 703 1529 4.
778 1364 1003 1542 rul’imceliit
1029 1448 1231 1539 Dominus,
1252 1462 1296 1520 ut
1314 1458 1406 1613 post
1431 1448 1632 1520 transitum
1658 1446 1832 1520 Jordanis
1857 1450 2119 1529 miraculosum

778 1557 1006 1637 ponerentur
1022 1541 1218 1614 duodecim
1239 1544 1313 1638 lapi
1339 1567 1377 1614 es
1400 1544 1440 1614 in
1464 1555 1684 1638 perpetuum
1708 1559 2025 1621 monumentum.

584 1651 671 1702 tuate.
689 1651 715 1702 ⁵.
823 1637 915 1744 l'ost
936 1637 1131 1710 victoriam
1150 1635 1196 1708 de
1220 1639 1340 1710 Sisara
1356 1636 1519 1710 habitam
1538 1664 1603 1732 per
1618 1637 1760 1712 Darach
1778 1651 1816 1712 ct
1829 1641 2048 1739 Deboram,
2061 1649 2117 1719 Do·

780 1755 884 1826 mmo
909 1734 1134 1803 cecinerunt.

587 1837 688 1905 1.aeg.
708 1853 733 1888 2·
830 1826 960 1900 Oravit
981 1827 1199 1918 Dominum,
1227 1837 1264 1900 ct
1284 1826 1452 1900 laudavit
1473 1830 1583 1900 Anna
1602 1855 1671 1925 pro
1692 1829 1769 1904 filio
1790 1832 1862 1904 sibi
1888 1833 1992 1910 dato.

583 1935 671 1990 tutte.
686 1949 727 1989 20.
829 1921 1010 2012 Quamvis
1031 1921 1099 1992 filii
1120 1924 1234 1995 lsra'el
1251 1925 1292 1996 in
1313 1923 1468 2019 praeliis,
1484 1926 1550 1996 ubi
1566 1927 1786 2018 vincebant,
1804 1927 1957 2004 fortiter
1973 1933 2114 2006 dimica-

779 2029 878 2108 rent,
899 2031 1024 2090 tamen
1046 2016 1238 2093 dicebatur
1258 2022 1442 2093 Dominus
1462 2032 1654 2116 percutere
1675 2022 1860 2118 inimicos,
1881 2038 1928 2098 ut
1947 2029 2022 2100 laus
2038 2031 2112 2099 Deo

778 2114 1053 2186 attribueretur.
1901 2143 1910 2154 ·

583 2225 609 2263 ²·
622 2213 684 2282 neg.
699 2234 723 2284 a·
817 2209 991 2284 -Audiens
1013 2210 1133 2284 David
1151 2211 1433 2304 revelationem,
1454 2235 1567 2306 quam
1589 2212 1689 2286 Deus
1711 2213 1850 2288 fecerat
1866 2215 2010 2288 Natlmn
2028 2245 2113 2311 pro

773 2301 896 2470 phetas
925 2305 972 2378 de
996 2307 1101 2402 regni
1127 2307 1189 2380 sui
1213 2305 1428 2400 duratione,
1455 2309 1589 2400 gratias
1618 2309 1691 2404 egit
1720 2311 1827 2384 valde
1846 2311 2031 2380 lumiliter
2068 2325 2109 2382 et

799 2414 917 2474 evote.
1456 2425 1467 2448 ³

581 2509 606 2562 3.
619 2514 682 2579 neg.
696 2514 720 2566 5.
823 2495 985 2564 Multum
1003 2493 1213 2563 laudandus
1232 2506 1287 2562 est
1302 2495 1419 2584 Deus,
1437 2494 1503 2588 qui
1518 2494 1581 2568 dat
1599 2500 1736 2596 populo
1753 2503 1890 2574 bonum
1907 2499 2108 2598 principem
2152 2502 2153 2508 ’

776 2598 813 2653 et
835 2586 1047 2676 praelatum:
1070 2584 1293 2658 Benedictus
1312 2587 1431 2679 Deus,
1461 2593 1527 2686 qui
1555 2593 1656 2667 dedit
1674 2587 1799 2672 David
1824 2597 1947 2670 filium
1972 2602 2103 2696 sapien·

772 2677 984 2768 tissimum,
1012 2690 1162 2773 propter
1190 2681 1369 2776 populum
1393 2683 1497 2757 hunc
1526 2689 1741 2782 plurimum.

583 2811 606 2844 ι.
628 2793 690 2844 Era.
709 2811 728 2846 1.
823 2769 947 2864 Cyrus
965 2797 1035 2843 rex
1045 2775 1242 2846 Persarum
1261 2775 1348 2848 fecit
1359 2778 1509 2854 clamari
1521 2807 1586 2878 per
1596 2790 1721 2860 omnia
1735 2813 1847 2884 regna
1864 2803 1992 2864 terrae:
2006 2792 2103 2864 Dedit

775 2862 870 2935 mihi
890 2865 1104 2974 Deps'coeli
1124 2871 1249 2977 omnia
1270 2896 1383 2965 regna
1402 2887 1526 2968 terrae,
1544 2892 1580 2950 et
1601 2886 1773 2980 praecepit
1795 2883 1911 2978 mihi,
1934 2901 1973 2960 nt
1993 2887 2101 2957 aedtfi-

776 2982 898 3029 carem
920 2985 954 3030 er
978 2962 1140 3034 Domum
1162 2989 1203 3034 m
1225 2963 1438 3042 Jerusalem.
1467 2971 1561 3062 Quis
1590 2992 1644 3050 est
1668 2983 1708 3051 in
1738 2981 1845 3054 vobis
1868 2983 1918 3056 de
1936 2985 2094 3055 universo

774 3053 912 3148 populo
940 3055 1046 3166 ejus?
1071 3058 1124 3130 Sit
1146 3059 1246 3132 Deus
1275 3087 1362 3134 oum
1393 3066 1492 3162 ipso,
1518 3083 1555 3142 et
1580 3076 1752 3148 ascendat
1781 3077 1822 3148 in
1850 3079 2058 3152 Jerusalem.

532 3245 536 3254 ι
579 3169 646 3220 rob.
672 3185 714 3222 ιι.
823 3148 917 3222 Cum
940 3151 1072 3224 Tobsas
1088 3157 1338 3250 recuperisset
1360 3161 1502 3253 visum,
1521 3179 1557 3238 et
1577 3195 1677 3252 uxor
1702 3174 1800 3268 ejus,
1818 3185 1856 3246 et
1877 3201 2023 3267 omnes,
2046 3175 2105 3270 qui
2151 3217 2152 3230 κ

773 3244 937 3318 sciebant
963 3273 1050 3318 eum
1076 3253 1179 3344 prius
1203 3275 1364 3344 coecum,
1387 3256 1640 3350 glorificabant
1664 3269 1794 3339 Deum.

574 3351 737 3410 actitasse.
822 3341 952 3415 Omnis
980 3344 1156 3438 populus,
1180 3359 1262 3440 post
1288 3349 1480 3425 victoriam
1509 3357 1554 3428 do
1577 3363 1745 3434 exercitu
1771 3364 1973 3438 Hololcmis
2000 3363 2104 3436 babi-

770 3450 861 3530 tam,
887 3439 993 3511 venit
1017 3441 1058 3510 in
1080 3440 1284 3514 Jerusalem
1306 3443 1456 3520 adorare
1482 3453 1695 3530 Dominum.

575 3543 642 3594 nnn.
666 3560 690 3594 α.
816 3533 989 3608 Revelata
1017 3535 1163 3608 Danieli
1198 3538 1343 3610 visione
1370 3541 1717 3626 'Nabuchodonosor
1752 3558 1847 3649 regis
1882 3558 2097 3657 Babylonis,

515 3643 517 3650 ⁴
766 3627 960 3701 benedixit
980 3631 1058 3702 Deo
1081 3631 1165 3704 coeli
1187 3643 1224 3702 ot
1245 3636 1314 3706 ait:
1337 3638 1391 3710 Sit
1413 3665 1550 3714 nomen
1571 3645 1729 3720 Domini
1744 3649 1990 3727 benedictum
2030 3654 2100 3751 quta

767 3722 945 3814 sapientia
971 3736 1007 3792 et
1029 3725 1210 3798 fortitudo
1229 3729 1311 3822 ejus
1336 3745 1434 3804 sunt.
2000 3713 2010 3750 ²

571 3827 681 3880 nau.3.
705 3871 708 3876 .
814 3815 957 3922 Devoto
978 3829 1014 3885 et
1040 3819 1194 3926 pulchre
1224 3823 1470 3901 excoluerunt
1491 3831 1618 3906 laudes
1644 3838 1721 3910 Deo
1741 3837 1795 3910 illi
1816 3851 1894 3914 tres
1920 3850 2052 3941 pueri.
2072 3843 2105 3914 de

765 3904 926 3976 fornacis
947 3911 1119 3982 mcendro
1136 3914 1289 3990 liberati.
1313 3921 1362 3993 Et
1379 3947 1456 3996 non
1474 3927 1593 4000 solum
1612 3930 1667 4004 illi
1682 3933 1751 4007 hac
1770 3933 1814 4006 dc
1837 3959 1957 4013 causa
1984 3931 2107 4038 grite

765 4010 919 4108 egerunt
940 4001 1035 4093 Deo,
1059 4006 1121 4077 sed
1150 4023 1186 4084 et
1216 4011 1556 4096 Nabuchodonosor
1583 4023 1671 4103 fecit
1699 4029 1895 4128 praedicari
1928 4035 2107 4118 mirabilia

762 4093 832 4166 Der
851 4119 891 4168 m
913 4107 992 4172 toto
1017 4123 1138 4196 regno.
