4502 5484
791 386 849 488 'al
929 375 1194 470 TITULUS
1223 379 1339 469 XIV.
1367 379 1539 468 Astutia
1565 399 1609 468 et
1633 375 1859 470 Calliditas
1881 373 2012 466 mala.

591 637 615 674 2.
634 623 698 694 aeg.
719 641 759 678 ιι.
836 610 909 682 Per
930 634 1104 705 magnam
1128 611 1304 686 astutiam
1324 607 1448 682 voluit
1474 600 1597 678 David
1619 601 1737 674 celare
1760 603 1999 700 iniquitatem
2019 627 2157 700 suam,

788 704 940 802 quando
970 705 1073 779 misit
1093 731 1161 802 pro
1188 705 1298 798 Uria,
1322 715 1367 778 ut
1394 701 1572 774 dormiret
1598 723 1686 770 cum
1713 723 1834 772 uxore
1865 723 1943 771 sna.

587 835 613 872 α.
633 825 696 894 neg.
719 826 760 876 rs.
837 799 1044 874 Nefandarn
1071 801 1308 876 calliditatem
1337 797 1464 874 docuit
1487 791 1783 870 Amnon'filinm
1812 793 1935 868 David
1963 795 2154 892 ionadab,

786 895 888 971 filins
911 899 1062 992 Semne,
1089 897 1240 993 qnando
1268 896 1369 971 dixit
1394 895 1451 985 ei,
1476 902 1521 964 ut
1547 891 1765 986 languorem
1794 889 2009 986 simularet,
2032 905 2068 966 et
2094 895 2155 966 sic

642 1041 651 1064 .
787 991 952 1066 Thamar
967 1013 1130 1067 sororem
1149 991 1341 1085 Absalom,
1356 991 1402 1064 de
1413 1013 1489 1088 qua
1504 987 1734 1080 tentabatur,
1746 985 1847 1059 solus
1862 985 2000 1062 habere
2011 1003 2152 1084 posset.

591 1107 700 1164 Eodem.
835 1088 930 1160 Cum
954 1087 1068 1162 vellet
1092 1088 1269 1162 Absalom
1304 1087 1496 1164 vindicare
1524 1083 1702 1194 injuriam
1738 1084 1875 1156 sororis
1908 1107 2008 1178 snae,
2032 1109 2152 1181 quam

786 1195 1017 1278 oppresserat
1044 1185 1194 1256 Amnon
1225 1183 1342 1258 frater
1367 1184 1450 1254 e'us
1474 1179 1588 1273 ,fecit
1611 1177 1815 1272 pergrande
1838 1181 2082 1272 convivium,
2110 1195 2151 1255 et

784 1277 937 1352 fratrem
961 1305 1072 1352 sunm
1097 1279 1294 1371 invitavit,
1311 1289 1348 1350 et
1370 1209 1461 1348 dnm
1485 1273 1711 1364 comederet,
1726 1275 1779 1346 ibi
1802 1299 1887 1348 eum
1906 1273 2027 1355 occidi
2044 1275 2147 1351 serit.

588 1403 614 1440 a.
631 1391 695 1458 aeg.
717 1390 756 1444 15.
833 1374 1198 1448 AmbiensAbsalom
1215 1399 1373 1468 regnum
1396 1371 1532 1468 patris,
1561 1370 1673 1466 coepit
1700 1369 1883 1443 malitiose
1914 1371 2080 1465 adulari,
2109 1389 2148 1448 et

784 1469 883 1542 sacta
902 1473 1018 1564 patris
1052 1471 1111 1541 sui
1136 1471 1375 1564 vituperans,
1400 1468 1562 1562 seipsum
1585 1468 1679 1538 bene
1704 1465 1961 1560 judicaturum
1977 1468 2146 1563 jactavit.

584 1567 613 1620 ³·
631 1571 695 1638 ssva·
717 1587 757 1624 ¹²·
833 1567 941 1637 Dixit
969 1562 1192 1636 Hieroboam
1213 1566 1255 1635 in
1287 1563 1397 1634 corde
1427 1586 1514 1633 suo:
1544 1559 1654 1632 Nunc
1679 1573 1891 1636 revertetur
1916 1587 2073 1657 reguum
2098 1568 2148 1640 ad

766 1660 940 1734 «lomum
957 1657 1103 1750 David,
1134 1661 1166 1731 si
1187 1657 1395 1730 ascenderit
1417 1654 1681 1751 populosiste,
1704 1667 1748 1730 ut
1778 1655 1891 1730 faciat
1919 1657 2147 1736 sacrificium

783 1759 826 1828 in
850 1753 960 1828 domo
978 1753 1131 1826 Domini
1145 1755 1187 1828 in
1205 1751 1456 1845 Hierusalem,
1474 1762 1512 1822 et
1523 1751 1732 1846 excogitato
1750 1753 1928 1848 consilio,
1944 1753 2034 1829 fecit
2050 1755 2145 1832 duos

783 1849 926 1924 vitulos
948 1875 1090 1922 aureos.

586 1953 612 2004 ³·
631 1955 694 2024 neg.
714 1969 757 2008 20·
833 1944 963 2020 Achab
985 1971 1056 2019 rex
1077 1945 1190 2028 lsratl
1210 1945 1310 2022 dixit
1324 1941 1495 2043 quaedam
1513 1941 1697 2042 generalia
1713 1945 1830 2021 verba
1852 1949 2142 2022 nunciisBena-

782 2039 858 2116 dad
875 2043 972 2138 regis
1002 2043 1147 2142 Syriae,
1182 2069 1270 2118 suos
1301 2056 1338 2116 et
1365 2067 1434 2117 sna
1458 2042 1662 2118 liberaliter
1690 2042 1888 2116 offerendo.
1920 2046 1982 2117 Ex
2003 2045 2136 2212 ignibus

785 2139 848 2213 ille
876 2151 998 2213 astute
1023 2139 1146 2215 voluit
1173 2167 1260 2214 eum
1284 2163 1437 2236 gravare
1479 2139 1594 2211 nimis
1621 2136 1668 2208 ad
1687 2139 1859 2230 specialia
1874 2139 2007 2214 descen
2035 2140 2142 2212 endo.

584 2233 610 2284 3.
629 2231 692 2304 neg.
711 2249 754 2288 aa·
833 2236 1001 2310 Sedecias
1028 2236 1130 2311 filius
1154 2235 1331 2308 Chanaan
1351 2256 1443 2326 prop
1473 2243 1534 2300 eta
1549 2231 1661 2319 Baal,
1686 2230 1774 2304 fecit
1798 2235 1870 2304 sibi
1894 2256 2033 2300 cornua
2057 2234 2152 2306 fieri

782 2329 924 2423 ferrea,
946 2333 1054 2425 qnasi
1073 2343 1170 2403 esset
1211 2325 1369 2436 ropheta
1386 2348 1525 2415 verus,
1544 2319 1671 2393 dicens
1690 2325 1768 2413 regi
1779 2321 1906 2390 Achab
1924 2320 2032 2390 :Haec
2048 2321 2149 2401 dicit

644 2469 648 2478 ·
781 2425 991 2513 Dominus,
1007 2426 1070 2494 his
1084 2355 1286 2496 ventilabis
1309 2419 1458 2514 Syriam
1472 2417 1591 2490 donec
1610 2413 1730 2487 deleas
1746 2439 1837 2488 eam.
1854 2413 2021 2490 Tandem
2037 2415 2146 2496 fefel-

783 2515 828 2588 lit
849 2541 963 2604 enm,
994 2529 1031 2587 et
1050 2514 1162 2607 fecit,
1181 2539 1268 2586 eum
1289 2513 1344 2586 ire
1367 2511 1414 2583 ad
1440 2513 1591 2584 bellum.
1634 2537 1636 2546 ·
1777 2531 1783 2538 ’

553 2677 556 2682 .
584 2613 611 2682 i·
629 2615 693 2684 neg.
710 2610 739 2666 5.
834 2611 998 2682 Currcns
1011 2610 1116 2682 Giezi
1161 2623 1219 2681 ost
1238 2607 1421 2700 Naaman,
1440 2605 1571 2681 callide
1589 2607 1768 2684 coloravit
1784 2608 2003 2704 petitionem
2017 2633 2139 2709 suam,

784 2704 937 2802 quando
964 2702 1091 2780 dixit:
1160 2703 1309 2780 ominus
1333 2729 1439 2778 meus
1471 2705 1574 2777 misit
1599 2728 1659 2776 me
1685 2703 1732 2782 ed
1763 2715 1823 2796 te,
1850 2703 2002 2778 diceus:
2030 2709 2139 2784 Modo

782 2816 972 2878 venerunt
1002 2803 1131 2875 adme
1165 2801 1242 2874 duo
1270 2799 1544 2889 adolescentes,
1571 2799 1619 2873 da
1640 2800 1692 2872 eis
1714 2799 1899 2874 talentum
1933 2805 2076 2898 argenti
2101 2818 2138 2880 et

780 2909 905 2970 restes
931 2899 1152 2970 mutatorias
1174 2896 1340 2994 duplices
1362 2906 1430 2972 etc.

581 3014 608 3066 a
627 3013 752 3080 regin.
830 2991 1012 3066 Scelerata
1033 2992 1177 3066 Jesabel
1204 2991 1346 3068 crudeli
1376 2998 1515 3071 astutia
1541 3015 1611 3064 usa
1632 3004 1688 3066 est
1715 2992 1763 3065 ad
1789 2992 1882 3088 hoc,
1910 3004 1955 3068 nt
1986 2995 2136 3070 vineam

779 3085 931 3160 Naboth
957 3091 1166 3186 acquireret
1191 3091 1276 3164 viro
1303 3113 1381 3164 sno.
1607 3087 1609 3094 ’

579 3197 606 3268 t·
624 3199 688 3268 lter·
710 3213 750 3248 n·
828 3183 979 3258 Athalia
1000 3198 1120 3260 mater
1149 3185 1323 3259 Ochoziae
1355 3183 1451 3280 regis
1478 3183 1596 3274 tuda,
1621 3183 1755 3270 videns
1777 3197 1970 3260 mortuum
1995 3186 2136 3284 filium,

778 3279 967 3391 interfecit
988 3306 1099 3354 omne
1119 3305 1246 3354 semen
1263 3283 1424 3377 regium,
1446 3291 1484 3350 et
1507 3279 1560 3350 sic
1580 3281 1752 3374 regnavi-t
1770 3307 1883 3381 super
1902 3293 2037 3356 terram
2064 3311 2139 3360 sex
2241 3355 2242 3358 ,

777 3401 898 3452 annis.

579 3488 607 3556 a.
625 3487 689 3558 neg.
710 3487 750 3540 aa
828 3475 1069 3574 Loquebatur
1080 3473 1154 3548 alta
1171 3497 1263 3552 voce
1274 3473 1454 3546 Rabsaces
1464 3474 1629 3547 nuncius
1642 3472 1894 3550 Sennacherib
1909 3475 2003 3572 regis
2015 3473 2137 3574 Assy-

591 3573 593 3578 ’
779 3569 950 3666 riorum,
973 3585 1019 3645 nt
1037 3571 1183 3646 audiret
1205 3596 1292 3645 eum
1317 3569 1494 3668 populus,
1524 3583 1562 3643 et
1590 3569 1739 3643 timeret
1760 3597 1872 3668 snper
1893 3595 2060 3646 murum.
2114 3569 2118 3576 ’

579 3693 605 3729 a.
622 3675 682 3732 rar.
703 3679 744 3732 ra.
827 3667 929 3739 Dum
946 3667 1042 3738 Abia
1067 3692 1138 3740 rex
1156 3666 1256 3740 Juda
1273 3667 1482 3738 exercitum
1503 3689 1611 3739 sunm
1631 3663 1880 3760 confortaret,
1904 3680 1942 3741 et
1963 3665 2134 3743 adversa-

777 3763 855 3836 rios
874 3763 1102 3858 increparet,
1127 3761 1349 3834 Hieroboam
1375 3785 1447 3834 rex
1465 3759 1579 3832 lsrael
1603 3775 1704 3835 retro
1720 3761 1946 3837 moliebatur
1964 3763 2132 3838 insidias.

776 3857 952 4024 ξιέηηιιε
978 3881 1029 3967 eir
1043 3856 1200 3932 adverso
1217 3857 1386 3931 hostium
1409 3864 1544 3950 staret,
1559 3856 1794 3958 ignorantem
1808 3859 1830 3932 J
1832 3859 1945 3934 udam
1964 3863 2034 3934 sno
2050 3883 2134 3934 enr-

800 3965 880 4025 iat
901 3963 1080 4026 exercitu.
1123 4021 1128 4032 ,

575 4065 758 4136 ammenta.
828 4048 959 4123 Varias
978 4041 1288 4145 excogitavenmt
1311 4049 1467 4122 astutias
1488 4047 1607 4122 ricini
1631 4049 1796 4126 filiorum
1818 4052 1955 4144 Israel,
1978 4053 2047 4149 qui
2071 4075 2134 4126 re-

576 4135 677 4192 ²·¹³'‘¹·
691 4135 758 4207 Μ
776 4141 923 4218 dierant
950 4142 996 4217 de
1029 4143 1245 4242 captivitate
1270 4143 1506 4242 Babylonis,
1538 4143 1698 4241 adhoc,
1724 4160 1769 4220 ut
1794 4149 1845 4220 im
1923 4149 1929 4163 '
2001 4159 2067 4222 tur
2089 4149 2135 4222 in

775 4237 1021 4346 aedificatione
1043 4239 1173 4342 templi
1186 4251 1258 4350 ,et
1278 4265 1478 4320 minorum
1498 4239 1662 4324 civitatis
1684 4243 1819 4344 Hiems
1856 4269 1927 4338 em,
1992 4339 2016 4417 s

2018 4360 2135 4437 uper-3

1827 4517 1840 4552 ἦ
