4310 5472
718 316 799 400 ‘126
829 305 1101 398 TITULUS
1125 309 1279 396 LXIX.
1304 302 1611 393 Immortalitas
1631 302 1800 386 Anima
1823 303 2074 452 rationalis·

663 550 667 558 ’
718 533 923 627 potentiam
944 531 1016 602 Dei
1031 529 1289 616 Hebraeorum,
1305 523 1419 625 dixit,
1435 519 1536 617 quod
1558 517 1767 594 ostenderet
1792 519 1844 617 ei,
1872 519 1989 622 quod
2009 547 2081 602 non

719 639 815 698 esset
847 628 969 718 Deus,
986 625 1059 698 nisi
1081 619 1432 697 Nabuchodonosor.
1820 715 1826 728 Ι

523 735 593 786 Dan·
609 731 637 782 3·
769 719 1112 794 Nabuchodonosor
1133 718 1221 790 fecit
1245 727 1405 788 statuam
1431 737 1604 805 auream,
1620 725 1657 785 et
1674 726 1869 810 praeceprt,
1888 725 1941 789 ut
1960 721 2074 795 omnis
2112 727 2113 734 ’

719 816 903 912 populus,
920 817 1061 907 tribus,
1088 827 1124 887 et
1146 815 1286 908 linguae
1309 809 1501 900 cadentes,
1519 807 1720 882 ¹adorarent
1742 833 1832 880 eam.

523 929 592 980 nan.
607 927 633 976 e.
770 911 903 983 Darius
933 937 1003 984 rex
1024 911 1222 982 Persarum
1251 905 1444 1001 proposuit
1471 902 1657 996 edictum,
1686 902 1786 1004 quod
1815 905 1955 980 nullus
1981 914 2067 988 imm

711 999 874 1098 'trigmta
901 1005 979 1077 dies
999 1011 1139 1101 peteret
1162 999 1303 1102 aliquid
1326 1021 1593 1096 aquocunque
1614 1000 1692 1073 Deo
1707 998 1768 1074 vel
1792 995 1973 1100 homine,
1998 1014 2063 1085 nisi
2112 1013 2113 1036 ³

718 1099 764 1170 ab
786 1100 867 1192 ipso
888 1101 1000 1172 Dario
1022 1124 1115 1194 rege.

399 1251 405 1258 .
460 1190 464 1196 ’
524 1227 594 1276 mn.
613 1222 655 1288 14,
765 1195 857 1264 Erat
878 1194 1019 1266 idolum
1040 1196 1081 1266 in
1099 1191 1315 1290 Babylone,
1339 1189 1440 1287 quod
1461 1213 1531 1262 rex
1554 1185 1720 1287 quotidie
1741 1189 1924 1270 adorabat
1947 1201 2055 1296 :qood

718 1311 805 1358 cum
828 1289 959 1360 Daniel
979 1289 1249 1380 subvertisset,
1271 1285 1472 1382 Babylonii
1498 1286 1696 1358 draconem
1717 1285 1981 1366 adoraverunt

420 1419 427 1432 ·
522 1390 683 1446 allah-1·
714 1459 720 1468 ,
767 1382 975 1456 Antiochus
1005 1385 1117 1480 jussit
1145 1383 1290 1455 adorari
1319 1382 1440 1472 idola,
1461 1379 1644 1454 aedificare
1673 1395 1819 1464 araset
1845 1391 1995 1484 templa,
2027 1405 2057 1466 et

612 1485 614 1488 ’
718 1478 904 1552 immolari
934 1504 1062 1552 carnes
1088 1479 1238 1569 suillas,
1268 1488 1305 1549 et
1328 1477 1539 1570 relinquere
1557 1476 1653 1550 filios
1677 1501 1764 1550 suos
1780 1480 2051 1558 incircumcisos.

522 1580 611 1633 Actor.
632 1597 672 1650 ι7·
768 1573 862 1646 Cum
885 1575 1024 1648 Paulus
1051 1587 1216 1648 maneret
1238 1571 1420 1661 Athenis,
1441 1571 1724 1646 incandescebat
1747 1575 1883 1670 spiritus
1903 1579 1980 1670 ejus
1998 1582 2039 1652 in

717 1667 799 1764 ipso
811 1723 821 1762 ,
843 1695 930 1744 cnm
958 1669 1102 1744 videret
1130 1668 1414 1742 simulacrorum
1439 1666 1559 1740 cultui
1583 1668 1746 1742 deditam
1770 1667 1947 1744 civitatem.

1078 1849 1455 1936 TITULUS
1512 1849 1700 1936 LXIX.

1014 2033 1311 2122 Immortalem
1346 2037 1516 2120 Anime
1550 2036 1779 2123 rationalis.

716 2170 815 2300 Per
839 2226 930 2320 lroc,
955 2227 1055 2324 quod
1082 2223 1221 2298 dicitur
1242 2225 1287 2298 de
1309 2225 1497 2299 Abraham
1515 2249 1523 2295 ·.
1542 2225 1794 2394 Congrefiatus
1814 2238 1873 2302 est
1892 2230 1935 2304 ad
1950 2258 2044 2332 popu·

716 2325 797 2398 lum
829 2349 961 2415 suum,
984 2324 1181 2411 innuitur,
1210 2320 1312 2418 quod
1341 2322 1381 2395 in
1410 2321 1482 2396 alio
1511 2321 1646 2396 saeculo
1711 2323 1836 2397 aberet
1867 2331 2033 2424 populum.

719 2421 858 2494 scilicet
892 2418 1088 2512 homines,
1113 2418 1180 2514 qui
1206 2419 1302 2490 bene
1327 2419 1528 2508 vixerant,
1551 2419 1647 2500 sicut
1666 2419 1827 2514 etipse..

520 2524 587 2578 cen.
603 2521 645 2575 st.
765 2515 892 2590 Simile
907 2515 1069 2587 babetur
1086 2512 1132 2586 de
1149 2515 1271 2582 Isaac:
1292 2512 1483 2606 appositus
1500 2525 1555 2585 est
1570 2512 1707 2612 populo
1719 2540 1799 2589 suo.
1816 2519 1867 2594 Et
1879 2517 1922 2592 de
1936 2519 2038 2616 iacob,

717 2613 810 2682 Gen.
833 2609 918 2700 Cap.
938 2611 995 2769 45).

523 2716 592 2766 cen.
608 2713 649 2778 35.
768 2704 864 2772 Cum
892 2723 951 2770 cre
979 2710 1055 2771 eret
1081 2697 1195 2772 Jacob
1217 2711 1408 2774 mortuum
1436 2728 1514 2776 esse
1543 2704 1681 2804 Joseph
1705 2735 1712 2779 :
1737 2707 1972 2806 Descendens,
1989 2715 2033 2786 in·

745 2797 827 2887 uit,
849 2792 895 2866 ad
917 2793 1039 2866 filium
1061 2819 1187 2866 meum
1209 2795 1340 2891 lugens
1362 2798 1404 2870 in
1430 2798 1633 2876 infernum.
1658 2804 1769 2884 Unde
1793 2807 1955 2882 credebat
1969 2833 2036 2883 eum

717 2892 731 2962 i
758 2893 772 2962 i
798 2915 876 2960 esse
899 2889 1106 2961 secundnm
1133 2915 1149 2960 s
1176 2891 1316 2963 iritum.
1721 2954 1726 2968 .

523 2999 593 3050 oen.
614 2997 658 3061 [μ.
767 2985 914 3056 Fratres
941 2982 1079 3079 Joseph
1101 2915 1269 3058 volentes
1298 2987 1440 3079 dicere,
1474 2990 1573 3086 quod
1593 3019 1694 3092 unus
1724 2996 1876 3072 fratrum
1898 3021 2029 3072 suorum

719 3089 891 3150 mortuus
922 3089 1040 3172 esset,
1063 3078 1235 3152 dicebant
1266 3108 1273 3150 :
1307 3083 1512 3157 Duodecim
1548 3085 1682 3164 fratres
1711 3117 1861 3187 sumus,
1889 3094 1955 3170 blii
1974 3092 2036 3168 viri

718 3176 854 3263 unius,
876 3172 1056 3247 minimus
1078 3199 1164 3247 cum
1194 3190 1298 3270 patre
1319 3193 1448 3253 nostro
1469 3193 1547 3276 est,
1568 3185 1663 3258 alius
1684 3204 1835 3264 nonest
1855 3217 1968 3290 super.
2070 3239 2075 3257 η

523 3269 607 3322 exod.
624 3271 649 3321 3·
766 3267 957 3362 Apparens
975 3269 1159 3344 Dominus
1178 3275 1303 3370 Moysi
1319 3277 1359 3347 in
1374 3279 1488 3368 rubo,
1510 3277 1609 3352 dixit
1623 3307 1630 3350 :
1644 3285 1721 3380 Ego
1733 3311 1818 3358 sum
1835 3287 2039 3362 Deusilbra-

525 3338 621 3389 ‘'hm''
642 3353 696 3422 ²²⁶,
718 3360 830 3454 ham,
851 3365 970 3456 Isaac,
997 3377 1064 3439 etc.
1080 3367 1152 3440 Per
1171 3365 1253 3450 hoc,
1266 3371 1397 3466 probat
1418 3373 1587 3448 Salvator
1607 3393 1735 3454 noster
1754 3387 2036 3460 resurrectionem

716 3471 976 3530 mortuorum:
999 3459 1083 3532 Non
1100 3475 1172 3555 est,
1194 3463 1334 3560 inquit,
1357 3467 1458 3540 Deus
1476 3481 1733 3570 mortuorum,
1753 3477 1819 3550 sed
1839 3479 2042 3558 viventium.

522 3550 601 3604 nuni.
622 3551 662 3604 ¹⁶·
673 3592 744 3648 Α,
765 3555 820 3624 De
836 3553 928 3626 Core
951 3569 986 3628 et
1005 3557 1246 3652 complicibus
1263 3563 1344 3658 ejus
1361 3562 1523 3637 dicitur:
1543 3567 1825 3646 Descenderunt
1843 3579 1929 3654 vivi
1944 3579 1981 3651 in
1996 3575 2044 3648 in-

716 3646 890 3738 fernum,
912 3652 1030 3746 operti
1052 3650 1187 3746 humo,
1213 3668 1250 3728 et
1263 3659 1466 3754 'perierunt
1488 3661 1677 3738 demedio
1699 3668 1972 3750 multitudinis.
1993 3673 2045 3745 Per

715 3741 789 3812 hoc
805 3755 929 3836 patet,
951 3746 1051 3839 quod
1073 3749 1113 3819 in
1139 3748 1289 3824 inferno
1311 3754 1444 3828 vivant
1466 3759 1555 3831 mali
1573 3764 1778 3838 sccundiun
1805 3770 1964 3846 animas.

524 3867 546 3902 ι.
561 3853 623 3921 seg.
638 3853 680 3905 28.
765 3838 803 3908 Si
824 3836 909 3910 Saul
934 3840 1166 3938 credidisset,
1193 3847 1398 3920 Samuelem
1421 3853 1594 3945 penitus,
1624 3872 1809 3952 quantum
1832 3865 1883 3939 ad
1907 3868 2052 3944 animam

715 3927 832 4040 fuisse
851 3935 1085 4031 extinctum,
1110 3965 1187 4012 non
1205 3944 1397 4038 petivisset
1422 3946 1546 4056 ipsum
1571 3955 1752 4028 suscitari.

482 4033 487 4047 ¹
522 4039 679 4106 aream.
763 4029 986 4103 Mirantibus
1010 4035 1128 4106 servis
1149 4037 1293 4133 David,
1315 4039 1415 4135 quod
1437 4067 1515 4138 lpse
1540 4071 1608 4140 pro
1632 4065 1782 4128 mortuo
1803 4061 1974 4151 parvulo
1994 4079 2051 4132 nor
2112 4029 2113 4116 l

713 4120 896 4286 Pdomret'
916 4125 1016 4200 disne
1041 4153 1048 4200 :
1077 4131 1158 4226 Ego
1179 4134 1315 4210 vadam
1342 4136 1389 4210 ad
1419 4163 1527 4237 eum,
1548 4142 1610 4220 ille
1634 4173 1725 4226 vero
1745 4175 1824 4230 non
1853 4169 2047 4240 revertent
2112 4171 2113 4210 1

710 4239 731 4285 a
773 4239 843 4292 me.
