4464 5464
2088 50 2203 60 ·--—-—

722 355 803 448 260
868 356 984 444 TIT.
1044 349 1280 440 CXXXIX.
1332 343 1559 462 Principes
1603 307 1928 456 occupatores
1968 349 2117 446 boni.

525 640 550 678 „
570 621 658 677 meh,
681 638 704 674 1,
769 591 865 664 Item
886 590 928 664 in
952 589 1052 662 bono
1073 584 1231 684 praelato
1259 580 1369 655 debet
1391 601 1470 652 esse
1496 571 1664 682 defensio
1683 595 1737 680 'op
1763 595 1973 682 ressorum,
1998 581 2117 660 sicut

725 687 840 760 Onias
856 709 1027 760 summus
1048 679 1236 772 sacerdos,
1252 681 1322 777 qui
1341 683 1555 750 constanter
1572 679 1711 780 restitit
1760 665 1945 763 ehodum,
1960 677 2114 756 voleu.

722 783 753 856 ti
774 783 956 880 templum
982 781 1137 856 Domini
1165 777 1332 874 spoliare.
1364 774 1488 865 Quam
1517 766 1679 876 virrhter
1700 775 1826 838 autem
1849 765 2002 846 Paulus
2028 801 2110 852 res·

525 904 550 940 ²·
564 885 625 940 Cor·
648 903 689 939 ¹2·
722 880 842 954 titerit
856 875 1192 977 pseudo-apostolis
1211 873 1233 945 J
1237 871 1370 964 udaeis,
1385 879 1488 968 patet
1513 866 1556 939 in
1581 863 1749 972 Actibus.
1776 863 1825 936 Et
1848 863 1896 936 ad
1924 866 2103 950 Corinth.

527 974 550 1008 ¹·
567 955 671 1025 ΕΜ
723 977 769 1048 In
791 1002 867 1072 quo
883 978 968 1072 quis
989 969 1249 1065 audet,audeo
1272 981 1307 1042 et
1332 991 1418 1064 ego:
1434 965 1483 1036 Et
1504 959 1589 1038 ideo
1611 958 1757 1032 dicebat
1777 985 2023 1058 repugnare.
2044 972 2108 1046 Sic

722 1098 849 1172 pugno
866 1097 945 1146 non
960 1071 1069 1170 quasi
1085 1075 1208 1144 adrem
1223 1065 1436 1141 verberans.
1460 1063 1508 1134 Et
1524 1057 1571 1170 ad
1586 1051 1752 1132 Timoth.
1773 1071 1912 1153 quarto
1925 1085 1933 1130 :
1946 1062 2104 1142 Bonum

722 1181 911 1242 certamen
944 1169 1275 1260 certavi,eursum
1308 1181 1570 1234 consummavl
1600 1165 1669 1226 etc.

523 1295 627 1350 suciis.
643 1298 668 1364 4.
768 1266 952 1340 Praeterea
963 1265 1072 1337 debet
1088 1287 1167 1337 esse
1182 1257 1393 1333 consolator
1406 1251 1647 1342 afflictorum,
1665 1247 2097 1350 velutEliachimssnm

721 1359 943 1436 Holofernes
958 1359 1172 1434 Bethuliam
1194 1353 1408 1429 obsedisset.
1437 1349 1577 1424 Paulus
1593 1357 1719 1420 autem
1742 1369 1823 1418 non
1841 1365 1921 1425 erat
1936 1356 2095 1434 inferior

525 1501 551 1539 2,
571 1487 631 1540 c...
647 1505 670 1540 ,,
720 1457 762 1530 in
785 1455 857 1530 hac
878 1471 1002 1554 parte,
1019 1456 1120 1530 unde
1143 1455 1216 1527 ait:
1235 1449 1459 1524 Benedictus
1482 1447 1603 1536 Deus,
1620 1455 1657 1516 et
1672 1453 1780 1539 pater
1796 1445 1949 1522 Domini
1968 1455 2092 1530 nostri

722 1552 812 1627 Jesu
831 1553 992 1650 Christi,
1008 1553 1077 1650 qui
1099 1565 1155 1626 est
1177 1551 1289 1622 Pater
1310 1539 1669 1632 misericordiarum,
1687 1551 1725 1611 et
1745 1539 1845 1614 Deus
1859 1548 1977 1618 omnis
1998 1575 2094 1626 oon-

722 1649 935 1745 solationis,
951 1648 1146 1726 consolans
1166 1672 1238 1720 nos
1252 1644 1293 1716 in
1314 1642 1420 1718 omni
1441 1637 1640 1748 afflictione
1659 1647 1801 1727 nostra,
1829 1651 1868 1710 ut
1889 1642 2078 1734 possimos

397 1799 402 1804 -
524 1773 607 1829 nea..
629 1776 670 1825 ¹3,
721 1747 905 1818 consolari
916 1772 1002 1837 eos,
1019 1746 1087 1840 qui
1108 1755 1198 1816 sunt
1217 1742 1259 1813 in
1281 1739 1416 1836 quavis
1439 1735 1648 1808 aflticuone.
1676 1733 1727 1804 Et
1745 1731 1788 1805 ad
1804 1733 1992 1810 liebrseos:
2008 1741 2075 1814 llo·

743 1865 767 1911 o
786 1867 856 1914 vos
873 1838 1028 1934 fratres,
1055 1851 1100 1913 ut
1125 1835 1310 1912 sufferatis
1335 1833 1496 1909 verbum
1521 1829 1656 1902 solatii
1685 1827 1809 1902 Verba
1830 1833 1929 1906 enim
1949 1859 2081 1912 oonso-

720 1863 854 2008 iatoria
874 1935 1008 2008 habuit
1033 1935 1200 2008 maxime
1221 1929 1268 2004 ad
1288 1930 1448 2025 Philipp.
1469 1939 1506 1999 et
1525 1923 1690 1998 Thessal.
1719 1937 1763 2001 ut
1783 1940 1885 2024 patet
1908 1930 2082 2008 intuenti.

525 2057 593 2110 tren.
609 2065 652 2122 4²·
771 2031 890 2104 Debet
909 2032 994 2104 insu
1023 2056 1064 2104 er
1084 2029 1206 2102 bonus
1230 2026 1406 2123 praelatus
1425 2021 1549 2120 pigros
1569 2033 1606 2094 et
1631 2023 1774 2118 tepidos
1789 2026 1974 2120 excitare,
1988 2031 2082 2126 quod

623 2135 631 2148 '
723 2123 813 2201 feeit
832 2057 1048 2201 Patriarclla
1075 2125 1212 2216 Jacob,
1227 2123 1295 2219 qui
1316 2121 1472 2195 audiens
1485 2173 1502 2211 ,-
1517 2117 1619 2215 quod
1638 2117 1817 2194 alimenta
1836 2123 2089 2203 venderentur

723 2222 766 2295 in
793 2225 976 2335 AEgypto,
1001 2221 1102 2294 dixit
1126 2220 1215 2292 fdiis
1239 2221 1317 2292 suis
1334 2245 1342 2289 :
1360 2219 1486 2308 Quare
1501 2215 1715 2312 negligitis?
1730 2217 1780 2290 Et
1806 2217 1880 2291 hoc
1914 2234 2085 2300 suenuus

525 2346 603 2398 nom.
621 2347 664 2399 ,3,
724 2329 761 2390 et
792 2319 885 2414 vigil
914 2317 1054 2392 Paulus
1085 2317 1224 2416 optime
1259 2325 1418 2390 noverat
1448 2313 1593 2402 facere,
1615 2309 1662 2384 ad
1694 2314 1848 2389 Roman.
1883 2319 1990 2392 Hora·
2012 2324 2084 2416 jam

524 2439 619 2504 uphei.
643 2437 669 2490 5.
720 2425 801 2507 est,
821 2439 890 2489 nos
919 2414 965 2487 de
993 2439 1125 2488 somno
1154 2437 1314 2508 surgere.
1353 2413 1402 2484 Et
1429 2409 1475 2482 ad
1502 2406 1638 2504 Ephes.
1668 2410 1805 2506 Surge,
1827 2415 1895 2510 qui
1923 2413 2087 2512 dormis,

526 2519 551 2554 ²·
574 2505 644 2558 rim.
661 2521 685 2557 ¹·
723 2522 761 2584 et
791 2537 952 2608 exsurge
971 2537 993 2584 a
1013 2511 1203 2604 mortuis,
1219 2520 1256 2582 et
1276 2507 1507 2581 illuminabit
1526 2517 1565 2578 te
1585 2503 1768 2582 Christus.
1791 2509 1839 2582 Et
1857 2507 1902 2582 ad
1924 2511 2083 2586 Timoth.
2190 2573 2191 2608 ,

723 2606 1025 2680 Commonesacio
1050 2617 1109 2700 te,
1129 2620 1174 2680 ut
1197 2605 1394 2678 resuscites
1415 2603 1572 2699 gratiam
1597 2604 1689 2699 Dei,
1706 2629 1791 2702 quse
1815 2619 1870 2680 est
1899 2608 1942 2681 in
1965 2621 2002 2682 te
2021 2637 2089 2707 per
2189 2621 2191 2667 t

721 2700 1001 2798 impositionem
1037 2727 1222 2776 manuum
1238 2715 1438 2775 'mearum
2202 2719 2203 2749 ¹

524 2821 551 2889 a.
569 2823 631 2892 neg.
648 2820 675 2890 4.
739 2879 751 2888 ρ
770 2798 1243 2894 Itemdebetindigentibus
1257 2824 1325 2896 pro
1338 2795 1582 2894 possibilitate
1593 2797 1896 2891 suaquantumad
1903 2823 2079 2872 necessa-

720 2894 778 2964 ria
789 2897 1002 2968 subvenire.
1013 2894 1240 2987 Exemplum
1253 2906 1309 2966 est
1325 2895 1371 2964 de
1387 2891 1514 2966 hocin
1530 2893 1666 2980 Elisaeo,
1685 2893 1749 2986 qui
1767 2892 1935 2986 quinque
1953 2918 2072 2987 panes

721 2985 811 3056 fecit
827 2985 1004 3057 distribui
1018 2985 1106 3058 filiis
1121 2987 1399 3083 prophetarum.
1421 2985 1531 3080 Quod
1543 3001 1577 3062 et
1589 2984 1722 3062 Paulus
1733 2985 1927 3081 diligenter
1937 2987 2074 3084 imple-

524 3099 669 3152 raemo.
722 3079 804 3174 bat,
819 3105 964 3154 memor
974 3079 1076 3154 illius
1087 3082 1379 3159 verbi:Beatius
1391 3097 1447 3158 est
1457 3087 1574 3182 magis
1585 3083 1669 3156 dare
1680 3107 1791 3179 quam
1803 3083 2080 3178 accipere,pro·

527 3185 550 3217 ¹·
566 3167 634 3284 ξω·
649 3165 691 3216 ¹⁶*
720 3187 765 3250 ut
785 3178 865 3273 ipse
882 3175 1014 3270 resert,
1034 3201 1121 3252 cum
1138 3205 1228 3256 vero
1249 3207 1327 3254 non
1342 3179 1521 3274 habebat,
1540 3179 1641 3278 quod
1663 3177 1749 3252 dare
1768 3191 1912 3276 posset,
1932 3179 1980 3252 ab
2002 3179 2088 3254 aliis

523 3249 670 3356 humilii
722 3273 877 3347 sollicite
895 3275 1139 3370 procurabat:
1156 3289 1192 3350 et
1210 3275 1283 3350 hoc
1302 3280 1441 3375 optime
1459 3290 1611 3374 apparet
1626 3275 1673 3349 ad
1688 3273 1856 3350 Corinth.
1882 3276 1939 3347 De
1957 3275 2080 3348 mileo

720 3369 769 3444 tis
803 3382 929 3444 autem
970 3384 1038 3443 etc.
1086 3374 1135 3445 Et
1166 3373 1255 3446 alibi
1275 3375 1380 3465 :Qui
1412 3401 1521 3470 parce
1547 3375 1731 3466 seminat,
1751 3397 1859 3469 parce
1888 3383 1925 3444 et
1959 3385 2082 3448 metet.

767 3467 861 3540 Item
873 3465 919 3540 ad
940 3491 1025 3541 eum
1038 3470 1201 3564 pertinet
1217 3473 1395 3566 superbos
1413 3483 1450 3544 et
1466 3470 1631 3545 tumidos
1643 3468 1846 3544 refroenare
1862 3481 1899 3542 et
1910 3467 2081 3542 humilia-

451 3591 455 3602 ·
524 3598 547 3634 ι.
561 3583 625 3652 aeg.
641 3581 681 3636 ιε.
704 3586 768 3636 re.
804 3563 914 3655 Quod
934 3563 1066 3639 volens
1087 3563 1209 3639 facere
1232 3571 1293 3640 Mo
1324 3595 1381 3641 ses
1403 3566 1631 3664 increpando
1653 3565 1995 3640 dicebat:Multum
2015 3566 2081 3640 eri·

717 3660 849 3755 gimini
864 3661 906 3734 in
923 3661 1010 3734 filiis
1030 3662 1133 3748 Iovi.
1161 3595 1437 3738 Samueletiam
1453 3664 1552 3738 dixit
1569 3664 1671 3738 Sauli
1684 3689 1691 3732 :
1704 3665 1830 3754 Quare
1849 3687 1926 3736 non
1944 3661 2076 3738 audisti

521 3801 544 3837 ι.
565 3781 628 3836 Cor.
648 3779 675 3846 4.
716 3779 849 3828 vocem
870 3758 1023 3832 Domini
1033 3755 1054 3827 'l
1067 3769 1134 3830 eto.
1166 3759 1213 3831 Iu
1230 3758 1302 3832 hac
1323 3787 1410 3856 ergo
1424 3772 1529 3858 parte
1546 3761 1685 3834 Paulus
1703 3771 1784 3832 erat
1805 3757 2077 3854 valdepen'tus.

717 3850 829 3924 Unde
840 3853 892 3926 ait
905 3879 912 3923 :
925 3852 1084 3928 Perinde
1095 3856 1203 3951 quasi
1214 3881 1292 3928 non
1303 3869 1489 3932 venturus
1501 3857 1573 3930 sim
1587 3855 1635 3930 ad
1651 3881 1741 3950 vos,
1755 3855 1880 3928 inflati
1900 3865 1986 3926 sunt
1996 3855 2078 3950 qui·

520 3975 543 4010 ι.
558 3957 629 4009 rtm.
647 3956 674 4008 6·
717 3941 823 4046 dam,
835 3948 898 4021 sed
916 3951 1067 4026 veniam
1079 3951 1186 4027 brevi
1197 3949 1244 4024 ad
1259 3979 1346 4044 vos,
1362 3954 1394 4026 si
1405 3954 1591 4030 Dominus
1602 3952 1785 4046 voluerit,
1797 3965 1835 4025 et
1846 3973 2077 4046 cognoscam,

715 4066 792 4113 non
811 4070 1017 4121 sermonem
1037 4047 1224 4141 ipsorum,
1239 4051 1306 4144 qui
1324 4048 1447 4124 inflati
1464 4062 1572 4144 sunt,
1588 4049 1652 4124 sed
1669 4048 1867 4126 virtutem.
1897 4049 1947 4120 Et
1964 4045 2076 4120 alibi:

518 4161 545 4200 ³·
565 4145 629 4216 Μ·
652 4163 677 4217 7·
713 4137 908 4216 Divitibus
942 4145 985 4216 in
1028 4143 1204 4238 praesenfi
1225 4145 1377 4218 'saeculo
1416 4149 1596 4244 precipe,
1618 4173 1666 4220 ne
1701 4143 1798 4219 elato
1833 4146 1911 4218 sint
1943 4145 2068 4216 animo

762 4237 907 4312 Rursus
922 4239 1035 4324 etiam
1052 4239 1173 4312 bonus
1190 4241 1365 4336 prmlatus
1383 4242 1584 4338 distantes,
1602 4242 1701 4318 etad
1718 4267 1803 4316 eum
1816 4239 1990 4314 accedere
1999 4261 2072 4310 uon

710 4329 879 4416 ualentes
891 4334 1000 4409 debet
1010 4335 1254 4443 personaliter
1268 4339 1432 4414 visitare.
1444 4339 1555 4432 Quod
1571 4343 1666 4414 bene
1677 4337 1828 4414 Samuel
1836 4335 2078 4438 adimplebat,
