4498 5462
420 443 684 536 TITULUS
721 448 1067 542 Lxxvn1.,1ra
1109 450 1210 536 Dei.
1406 459 1479 556 143

168 667 331 739 Alcimus
351 670 484 743 videns
502 671 721 748 charitatem
733 676 756 746 J
759 675 841 748 udae
856 689 892 750 et
914 676 1126 768 Nicanoris,
1137 675 1183 749 ad
1195 678 1360 753 invicem
1375 679 1483 750 venit
1501 697 1527 731 ²·
1540 681 1627 733 Mech·
1641 681 1686 748 ¹4·

129 761 171 834 ad
195 763 447 856 Demetrium,
471 781 508 842 et
535 767 698 863 dicebat,
729 769 951 846 Nicanorem
976 771 1089 844 rebus
1116 773 1247 846 alienis
1280 773 1482 865 assentire,
1501 763 1655 816 M⁸²⁰¹⁶²h

127 857 334 954 ludamque
359 865 457 956 regis
478 861 752 958 insidiatorem,
773 891 1022 942 successorem
1046 869 1118 940 sibi
1141 867 1357 940 destinasse.

172 954 350 1027 Videntes
367 957 554 1053 principes
570 961 801 1034 sacerdotum
815 964 1010 1056 miracula,
1022 988 1106 1072 quae
1119 965 1302 1036 Dominus
1315 961 1485 1058 faciebat,
1502 969 1567 1022 Luc.
1588 987 1633 1040 ¹9·

128 1059 162 1123 ct
187 1073 322 1142 pueros
343 1051 545 1124 clamantes
569 1053 745 1126 Hosanna
766 1055 845 1126 lilio
868 1058 1010 1148 David,
1031 1057 1215 1153 indignati
1243 1070 1343 1130 sunt.

171 1147 302 1217 Frater
322 1144 391 1216 filii
406 1147 551 1241 prodigi
568 1147 723 1221 audiens
746 1149 900 1240 festum,
919 1153 1019 1245 quod
1041 1149 1199 1224 faciebat
1218 1163 1322 1248 pater
1342 1151 1485 1223 adoles·
1501 1157 1566 1208 nuc.
1581 1157 1632 1212 15·-

128 1239 282 1313 centiori
307 1237 386 1310 filio
403 1243 626 1332 revertenti,
648 1243 865 1340 indignatus
883 1259 954 1336 est,
970 1258 1007 1317 et
1029 1245 1178 1317 nolebat
1198 1245 1376 1317 introire.⁴
1670 1313 1673 1318 ,

173 1335 204 1404 Α
232 1331 375 1405 Joanne
396 1336 563 1430 Baptista
590 1336 698 1432 longe
725 1341 800 1413 fnit
815 1341 960 1413 invidia
985 1341 1160 1434 relegata,
1184 1341 1230 1412 ad
1258 1365 1370 1436 quem
1398 1365 1483 1413 cum
1502 1357 1580 1408 toan.
1603 1357 1636 1408 a..

128 1429 299 1502 venirent
315 1427 503 1526 discipuli,
520 1445 558 1504 et
573 1431 752 1524 dicerent,
769 1435 870 1532 quod
883 1437 1062 1509 Christus*
1071 1437 1291 1530 baptizaret,
1306 1448 1343 1506 et
1356 1461 1484 1508 omnes

127 1524 222 1594 irent
233 1535 317 1633 post
328 1550 429 1616 eum,
447 1527 638 1622 respondit
651 1555 658 1598 :
671 1532 823 1602 Amicus
836 1534 963 1625 sponsi
978 1544 1045 1602 etc.
1069 1532 1114 1601 In
1126 1530 1198 1604 hoc
1210 1555 1296 1625 ergo
1307 1529 1486 1640 gaudium

125 1617 457 1713 meumrmpletum
479 1634 554 1694 est:
575 1622 683 1695 illurn
712 1637 858 1720 oportet
885 1651 1065 1716 crescere,
1082 1651 1141 1696 me
1161 1653 1252 1699 vero
1272 1627 1394 1697 nnnui
1416 1639 1483 1697 etc.

170 1711 334 1802 Quidam
362 1714 386 1785 J
388 1715 506 1808 udaei,
533 1718 600 1814 qui
629 1720 803 1792 viderant
833 1721 1016 1794 Lazarum
1041 1747 1062 1791 a
1088 1721 1257 1794 Domino
1282 1721 1483 1810 suscitari,
1501 1738 1579 1788 toan.
1598 1753 1645 1790 n..

126 1807 299 1880 abierunt
322 1808 368 1880 ad
387 1809 593 1885 Pharisaeos
609 1825 646 1883 et
661 1815 862 1891 dixerunt:
881 1817 958 1904 Qui
977 1813 1129 1886 facitis?
1149 1817 1260 1890 Unde
1283 1815 1483 1886 Pontifices

127 1911 163 1970 et
178 1900 358 1974 Pharisaei
377 1904 604 1999 collegerunt
626 1908 836 1998 concilium.
1314 1946 1317 1955 ¹

175 1997 232 2068 Ad
250 2008 327 2068 tam
347 1999 510 2071 immane
533 2000 652 2073 scelus
671 2003 856 2096 principes
874 2001 1107 2074 sacerdotum
1124 2026 1174 2071 ex
1192 2000 1339 2074 invidia
1355 2023 1486 2092 proru-
1502 2019 1600 2080 Mam.
1622 2033 1673 2087 ²72·

126 2104 284 2186 parunt,
312 2091 415 2187 quod
439 2093 604 2187 legitur:
629 2097 772 2168 Sciebat
794 2095 960 2184 Pilatus,
986 2093 1088 2189 quod
1110 2120 1183 2192 per,
1199 2095 1382 2168 invidiam
1403 2106 1482 2164 tra·
1571 2123 1579 2130 ·

129 2185 312 2258 didissent
348 2211 434 2256 eum
469 2190 610 2258 summi
642 2189 869 2280 sacerdotes,
896 2188 1069 2262 videlicet
1102 2189 1228 2284 ipsum
1262 2189 1335 2263 Dei
1361 2187 1488 2260 filium:

127 2281 333 2352 Dominum
359 2279 488 2350 Jesurn
509 2279 713 2352 Christum.

176 2376 287 2446 Petro
309 2388 345 2446 et
370 2372 514 2444 Joanne
541 2373 782 2468 loquentibus
804 2372 851 2444 ad
874 2371 1072 2468 populum,
1098 2385 1396 2468 supervenerunt
1427 2398 1486 2443 sa·
1503 2387 1594 2438 Actor.
1613 2387 1646 2452 4.
1736 2427 1760 2459 H,

127 2467 295 2542 cerdotes
321 2481 357 2540 et
389 2471 628 2564 magistratus
650 2471 803 2565 populi,
829 2482 866 2540 et
888 2466 1098 2561 Sadducaei,
1119 2469 1272 2540 moleste
1303 2465 1492 2559 serentes,

129 2561 638 2659 quod‘docerentpopulurn.
738 2565 743 2576 '
1101 2625 1107 2634 .
1381 2589 1385 2598 ’

176 2661 392 2752 Exsurgens
409 2660 580 2753 princeps
603 2657 853 2748 sacerdotum,
870 2669 907 2730 et
927 2683 1057 2730 omnes
1079 2658 1251 2752 quicum
1271 2655 1337 2728 illo
1360 2670 1485 2748 erant,
1504 2673 1597 2724 Actor,
1614 2669 1648 2724 5..

126 2751 297 2825 ridentes
317 2757 437 2848 signa,
454 2780 538 2849 quae
557 2779 625 2850 per
639 2755 792 2826 Petrum
807 2752 962 2844 fiebant,
978 2754 1109 2850 repleti
1125 2764 1214 2824 sunt
1230 2751 1486 2842 aemtdatione,

127 2858 164 2916 et
181 2847 394 3013 {plrjecerunt
412 2873 547 2924 manus
569 2850 612 2922 in
635 2848 852 2946 Apostolos,
874 2858 910 2921 et
926 2859 1132 2944 posuerunt
1156 2872 1217 2918 eos
1250 2847 1293 2918 in
1318 2847 1490 2918 custodia
1562 2924 1566 2936 ¹

155 2965 179 3012 u
219 2969 284 3016 1ca.
311 3001 317 3014 .

126 2966 152 3036 Ρ
179 3037 300 3106 Judaei
317 3040 510 3112 audientes
528 3040 645 3112 rerba
667 3039 868 3134 Stephani,
895 3037 1176 3111 dissecabantur
1195 3035 1369 3110 cordibus
1391 3039 1483 3128 suia,
1503 3047 1593 3099 Aeros
1616 3064 1649 3112 7·-

129 3137 168 3196 et
202 3129 406 3199 stridebant
438 3131 613 3201 dentibus
643 3132 684 3202 in
716 3157 828 3220 eum,
850 3130 1041 3219 dolentes,
1069 3129 1170 3222 quod
1202 3158 1280 3199 non
1312 3146 1486 3220 poterant

129 3219 301 3290 resistere
328 3221 517 3312 sapientiae
539 3234 576 3292 et
598 3222 766 3314 spiritui,
789 3224 856 3318 qui
882 3223 1114 3318 loquebatur.
1333 3229 1340 3243 '

181 3311 369 3385 Convenit
384 3336 477 3406 pene
490 3315 668 3386 universa
682 3317 814 3390 civitas
825 3315 954 3390 audire
964 3316 1124 3388 verbum
1136 3316 1223 3402 Dei,
1235 3310 1336 3406 qnod
1347 3309 1595 3382 Paulusdctor·
1612 3321 1660 3372 132

132 3417 170 3480 et
185 3407 375 3478 Barnabas
391 3404 651 3500 praedicabant.
669 3409 848 3480 Videntes
867 3422 989 3481 autem
1007 3410 1029 3480 J
1032 3409 1129 3480 udaei
1144 3433 1184 3480 re
1209 3407 1275 3478 leti
1295 3417 1383 3476 sunt
1396 3403 1489 3474 zelo.

180 3503 243 3572 Ex
264 3498 657 3574 Thessalonicensibus
676 3501 699 3571 J
702 3501 815 3572 udaeis
838 3513 875 3572 et
893 3501 1092 3594 gentilibus
1113 3433 1351 3572 crediderunt
1375 3497 1486 3568 multi
1505 3507 1595 3558 Actor.
1609 3522 1659 3573 ¹7:-

132 3595 211 3668 viri
233 3605 270 3663 et
292 3593 466 3665 mulieres
485 3593 628 3666 nobiles
656 3619 733 3668 non
759 3618 887 3690 paucae
905 3618 914 3662 ι
934 3595 1096 3666 zelantes
1122 3599 1247 3664 aut'em
1266 3591 1288 3662 J
1290 3590 1389 3663 udaciw
1405 3613 1490 3662 con-

135 3688 350 3764 citauerunt
380 3687 587 3794 civitatem..

483 3869 799 3958 arrosus.
849 3868 1125 3958 nxxvnr

700 4045 772 4126 Ira
827 4043 926 4129 Det·

134 4165 329 4302 Attouda
340 4246 354 4322 ,¹
380 4231 502 4326 quod,
522 4231 729 4305 secundam
747 4234 1022 4328 angustinum,
1044 4234 1096 4306 15.
1124 4229 1170 4303 de
1192 4229 1294 4301 civit.
1322 4229 1400 4301 Dei.
1430 4229 1628 4317 Irata-1⁶·
1648 4237 1693 4316 ‚11¹⁶-

134 4327 212 4418 Dei
226 4347 303 4401 non
329 4328 559 4432 perturbatio
586 4327 707 4404 animi
729 4332 812 4426 ejus
834 4341 914 4426 est,
936 4327 1000 4403 sed
1026 4325 1226 4425 judicium,
1253 4350 1329 4422 quo
1355 4325 1491 4420 irroga·
1539 4307 1675 4442 ss2{‚2{}‘·
1717 4364 1725 4376 -
