4310 5472
704 379 786 441 ’κιο
840 335 1105 434 ttTULUs
1143 324 1253 415 LXI.
1292 311 1530 408 'Gratitudo
1562 333 1661 420 erga
1695 292 1913 382 homines.-
2024 419 2087 440 .-

416 611 419 618 ·
512 594 588 642 nom.
615 601 638 636 ι·
754 567 804 638 Et
827 586 895 658 pro
912 553 1100 630 beneficiis
1126 541 1305 619 fratribus
1324 527 1465 636 collatis
1487 518 1622 626 gratias
1643 512 1775 585 devote
1791 507 1957 601 agebat:
1988 503 2083 574 Pri-

710 663 815 735 mbm
836 653 987 751 quidem
1006 647 1139 742 gratias
1159 663 1226 734 ago
1242 657 1310 731 pro
1330 622 1516 699 ommbus.
1533 615 1632 704 Quia
1645 605 1735 682 fides
1756 614 1887 676 vestra
1908 625 2080 672 annun-

712 757 831 828 ciatur
852 751 1030 822 universo
1052 736 1206 813 mund0.
1922 793 1931 807 ·

519 894 543 928 ι.
560 872 651 924 msa.
669 868 694 920 3.
761 846 818 920 Ad
843 840 1006 915 Thessal.
1039 835 1254 908 Gratiarum
1284 820 1466 891 actionem
1481 824 1695 974 dpossumus
1725 797 1803 880 Deo
1834 791 2078 882 retnbuere,

1507 929 1526 974 e

714 971 783 1042 pro
805 939 912 1015 vobis
934 937 976 1008 in
1002 931 1105 1004 omni
1129 921 1281 1022 gaudio,
1307 937 1382 1010 quo
1410 931 1480 1003 gau
1527 925 1623 973 mus.
1762 985 1769 1001 ⁸
2025 984 2033 997 ι
2106 959 2107 968 ἦ

521 1071 615 1138 aptes.
637 1064 662 1120 5.
763 1041 856 1110 Item
872 1032 1005 1128 gratias
1021 1049 1126 1120 agere
1147 1023 1188 1091 in
1206 1011 1380 1088 omnibus
1398 995 1620 1074 admonebat
1637 988 1836 1084 Ephesios,
1854 1007 1944 1080 cap.
1965 1009 2070 1078 qum·
2106 1003 2107 1068 t

718 1146 776 1227 to,
808 1132 856 1201 Et
878 1148 1023 1218 semper
1039 1116 1217 1215 gaudete,
1240 1110 1320 1182 sine
1346 1093 1621 1173 intermissione
1645 1097 1773 1173 orate,
1798 1091 1867 1152 etc.

1107 1317 1151 1399 T
1170 1313 1187 1396 l
1207 1311 1249 1394 Τ
1269 1305 1312 1389 U
1334 1302 1372 1384 L
1391 1297 1434 1381 U
1456 1295 1486 1380 S
1542 1287 1675 1373 Lxl.

1093 1439 1315 1575 Grutitudo
1363 1507 1460 1590 erga
1502 1469 1701 1566 homines.

530 1699 599 1752 ⁶0¹¹·
621 1692 660 1758 ¹4·
729 1635 850 1767 Cum
873 1647 1114 1786 percussisset
1132 1675 1319 1752 Abraham
1335 1679 1497 1764 quatuor
1515 1663 1645 1752 Reges,
1664 1664 1702 1726 et
1724 1671 1872 1723 ornnem
1891 1647 2069 1718 snbstan-

728 1795 839 1879 tiam,
855 1809 967 1880 quam
988 1779 1051 1851 ille
1073 1781 1296 1870 rapuerunt,
1313 1760 1546 1845 reduxisset,
1561 1779 1631 1826 rex
1641 1747 1885 1844 Sodomorum
1906 1767 2065 1836 egressus

722 1881 788 1958 ¹est
817 1885 859 1954 in
880 1899 1076 1950 occursum
1100 1873 1197 1964 e‘u's,
1219 1874 1255 1936 ct
1285 1859 1411 1934 omnia
1436 1851 1571 1926 obtulit
1597 1849 1647 1939 ei,
1674 1843 1761 1916 solis
1785 1839 1983 1910 animabus
2009 1863 2067 1908 ex·

549 1999 551 2002 ’
664 2054 671 2087 ¹
733 1979 859 2074 ceptis.
886 1973 963 2046 Ubi
988 1898 1212 2040 notandum:
1247 1951 1471 2056 Quodllicet
1506 1944 1692 2018 Abraham
1718 1935 1841 2008 oblata
1874 1945 2064 2028 respueret,

735 2088 861 2147 tamen
887 2071 982 2140 benc
1001 2061 1135 2150 voluit,
1154 2072 1198 2132 ut
1219 2054 1309 2128 socii
1327 2052 1386 2122 sni
1403 2056 1545 2140 partem
1570 2039 1749 2112 haberent
1771 2029 1816 2102 de
1835 2027 1971 2126 praeda,
1990 2041 2063 2097 tan-

737 2157 864 2266 quam'
886 2187 1015 2238 eornm
1041 2155 1216 2248 suffragio
1246 2173 1323 2221 non
1350 2145 1528 2234 ingratus.

666 2298 674 2314 ·
786 2261 928 2336 Videns
948 2258 1072 2326 Laban
1088 2249 1241 2347 jocalia,
1258 2245 1409 2314 inaures
1433 2233 1571 2305 scilicet
1591 2237 1629 2296 et
1648 2221 1829 2312 armillas,
1844 2243 1936 2315 quae
1958 2241 2065 2292 sertus

737 2358 925 2434 Abraham
946 2351 1096 2423 dederat
1114 2346 1284 2418 Rebeccae
1304 2357 1421 2418 soron
1437 2351 1512 2400 suae
1526 2383 1535 2416 ,
1551 2322 1657 2394 venit
1674 2319 1720 2390 ad
1736 2317 1835 2388 illurn
1856 2327 1894 2406 et
1910 2314 2017 2386 dixit
2030 2312 2062 2382 ei:

738 2453 953 2549 Ingredere,
972 2441 1164 2517 benedicte
1179 2431 1341 2506 Domini.
1357 2428 1407 2496 Et
1427 2447 1514 2492 eum
1524 2421 1565 2491 in
1577 2415 1749 2511 hospitiis
1764 2435 1846 2482 cum
1863 2409 1995 2481 multa
2013 2408 2066 2478 hu·

740 2549 919 2620 manitate
947 2542 1094 2628 recepit.

574 2695 588 2726 e
611 2711 617 2726 ,
672 2707 679 2722 ,
789 2641 991 2726 Postquam
1014 2626 1127 2699 Jacob
1152 2619 1329 2694 servierat
1349 2615 1476 2686 Laban
1503 2607 1691 2685 avunculo
1712 2629 1780 2676 suo
1803 2599 1927 2674 multis
1949 2598 2069 2683 anuis,

657 2798 664 2810 .
746 2729 844 2802 dixit
860 2728 894 2797 ei
914 2725 1060 2796 Laban:
1089 2718 1186 2807 Quia
1206 2715 1320 2786 frater
1346 2734 1531 2798 meuses,
1558 2704 1670 2798 gratis
1694 2699 1833 2772 servies
1861 2693 1959 2767 mihi.

576 2878 590 2910 .
663 2874 686 2906 1,
794 2822 939 2893 Pharao
951 2843 1019 2890 rex
1031 2812 1197 2910 AEgypti,
1209 2808 1370 2880 multum
1383 2804 1455 2878 suit
1467 2813 1592 2896 gratus
1609 2794 1844 2891 Joscph,pro
1859 2787 2070 2885 expositione

750 2915 885 2990 somnii
912 2915 988 3004 sui,
1014 2924 1156 2981 etcum
1176 2900 1368 2995 magnifice
1391 2895 1614 2986 sublimavit.

679 3059 687 3073 ·
800 3002 1117 3094 lothrosaccrdos
1135 2999 1283 3071 Madian
1302 3007 1427 3090 gratus
1445 2991 1518 3064 fuit
1536 2983 1603 3084 pio
1629 3013 1687 3079 co,
1709 2983 1809 3080 quod
1830 2985 1982 3078 Moyses
1996 2976 2067 3047 filus

753 3107 835 3200 ejus
857 3101 1087 3190 defenderat,
1110 3091 1259 3192 quando
1282 3089 1328 3162 ad
1352 3114 1495 3184 gregem
1516 3082 1779 3179 adaquandum
1800 3081 1962 3153 iverant.
1986 3067 2070 3145 tude

753 3202 842 3276 fecit
863 3224 949 3270 eum
967 3196 1110 3284 vocari,
1133 3204 1175 3262 ut
1190 3185 1409 3274 comederet,
1426 3199 1462 3255 ct
1482 3180 1583 3254 dedit
1607 3179 1640 3249 ei
1663 3175 1778 3248 filiam
1802 3198 1909 3246 suam
1925 3188 2072 3242 uxorem

682 3346 690 3361 ·
802 3293 918 3367 Valde
944 3291 1122 3376 sollicitus
1139 3283 1214 3356 suit
1234 3283 1365 3368 Josue,
1390 3294 1438 3350 ne
1463 3276 1590 3349 Bahab
1611 3272 1807 3362 meretrix,
1831 3291 1911 3364 qnae
1930 3261 2079 3333 nuncios

754 3393 802 3466 ab
829 3417 872 3462 eo
894 3390 1024 3461 missos
1046 3379 1304 3467 absconderat,
1335 3375 1483 3448 civitate
1501 3367 1650 3442 Jen'oho
1670 3377 1822 3454 ruente,
1842 3362 1976 3458 per-net.

576 3507 620 3558 ui
686 3537 692 3550 ·
804 3485 898 3559 Cum
924 3482 1114 3557 liberdsset
1137 3473 1287 3546 Gedeon
1314 3471 1360 3540 ab
1370 3468 1531 3542 inimicis
1551 3461 1682 3546 Isra'cl,
1700 3458 1882 3532 dixerunt
1901 3476 2028 3526 omnes
2045 3443 2076 3517 ad

756 3608 859 3659 eum:
877 3580 1076 3746 meinare
1087 3570 1206 3646 nostri
1217 3583 1260 3641 tu
1273 3571 1309 3638 et
1324 3565 1424 3638 filius
1435 3576 1542 3652 tuus,
1556 3559 1644 3654 quia
1653 3556 1818 3628 liberasti
1831 3579 1900 3626 nos
1918 3549 1967 3622 de
1982 3543 2077 3622 urun-

754 3683 827 3753 bus
853 3682 911 3746 Ma
937 3678 1010 3748 ian.

560 3788 641 3842 Ruth·
659 3803 684 3837 a·
806 3770 913 3842 Dixit
935 3768 1066 3839 noemi
1087 3757 1381 3836 commendando
1402 3755 1520 3841 Boon,
1546 3749 1613 3844 qui
1633 3745 1735 3819 Ruth
1752 3744 1916 3840 benigne
1939 3739 2078 3816 videat:

759 3865 981 3939 Benedictus
1004 3863 1051 3931 sit
1071 3885 1094 3929 a
1114 3857 1292 3944 Domin0,
1315 3850 1491 3947 quoniam
1513 3842 1667 3917 eandem
1690 3843 1864 3936 gratiam,
1877 3863 1999 3936 quam
2015 3853 2082 3931 pra

761 3963 894 4031 buerat
910 3955 1028 4042 vivis,
1049 3953 1211 4025 servavit
1225 3963 1265 4022 et
1285 3946 1452 4022 mortuis.
1656 3979 1657 3982 π
2106 3959 2107 4042 p

570 4083 595 4120 1·
617 4066 682 4127 Bet·
704 4059 745 4111 ¹5·
812 4051 910 4139 Quia
939 4046 1086 4116 Cinaeus
1111 4047 1205 4116 bene
1235 4071 1272 4117 se
1302 4041 1484 4114 habuerat
1508 4033 1555 4104 ad
1580 4031 1676 4106 filios
1703 4029 1849 4120 Israel„
1876 4026 2040 4126 pepercit
2061 4018 2107 4086 si¹

765 4145 866 4236 Saul,
888 4140 1038 4240 quando
1066 4139 1252 4236 destruxit
1274 4131 1458 4226 Amalech.
1815 4188 1819 4196 ,
2106 4089 2107 4180 i

572 4271 596 4306 ιι
619 4251 682 4316 neg.
703 4259 746 4300 ²²·
811 4241 919 4314 Dixit
941 4233 1063 4314 David
1083 4233 1129 4308 ad
1148 4234 1346 4326 Abiathar,
1367 4230 1475 4324 cujus
1492 4235 1597 4322 pater
1618 4221 1797 4297 dilexerat
1814 4219 1952 4317 ipsum
1972 4201 2107 4294 aaut?
