4498 5462
728 415 812 516 ,162
1023 399 1285 490 'IITULUS
1322 387 1598 481 LXXXVIII.
1636 387 1793 474 Labor.

734 625 749 698 i
775 650 813 697 se
829 622 967 696 multos
988 627 1231 707 tractaverat,
1249 616 1399 712 peregre
1414 612 1456 683 in
1481 605 1675 682 montibus
1694 604 1894 681 miserabili
1916 611 2000 689 vitai
2028 611 2090 683 de-

541 830 639 888 stasia.
652 831 691 883 ιθ.
756 729 981 884 uqctpprvegt·
989 834 1173 921 nequam,
1199 810 1266 906 qui
1292 805 1418 913 noluit
1437 801 1624 908 dimittere
1647 819 1831 871 conservo
1850 825 1920 910 suo
1939 815 2099 875 centurn

738 907 933 1013 denarios,
965 910 1099 994 rnentb
1118 906 1281 1016 ‘repetiit
1309 905 1496 1014 Dommus
1530 917 1754 968 unmersum
1776 893 1966 992 debitum,
1996 895 2101 994 quod
2186 961 2190 968 .

736 1001 944 1080 liberaliter
964 1005 1069 1101 prius,
1089 1004 1280 1076 dimiserat
1305 998 1373 1072 alh.
1422 1091 1453 1162 L

1391 1217 1394 1222 '
1415 1203 1447 1270 {lt

1079 1341 1384 1432 assutus
1427 1295 1756 1426 axxxvm

1351 1488 1503 1572 Labor.
1639 1517 1645 1528 ·

545 1699 611 1752 cen.
630 1709 656 1745 2·
682 1691 721 1745 ¹5·
740 1632 868 1764 Tulit
892 1687 994 1762 Deus
1020 1685 1236 1774 bominem,
1272 1695 1308 1756 et
1330 1681 1455 1778 posuit
1482 1702 1569 1751 eum
1606 1678 1645 1748 in
1673 1675 1841 1772 paradiso
1865 1672 2101 1774 voluptatis,

741 1813 817 1862 non
845 1797 890 1860 ut
912 1785 1085 1875 otiosus,'
1104 1785 1213 1853 etiam
1238 1781 1278 1852 in
1307 1792 1407 1852 statu
1429 1773 1670 1864 innocentiae,
1692 1773 1732 1844 in
1750 1771 1815 1844 illo
1837 1770 2002 1867 degeret,
2031 1779 2103 1850 sed

704 1954 706 1960 .
741 1896 786 1957 ut
801 1893 1045 1978 operaretur,
1066 1888 1103 1950 et
1126 1875 1331 1948 custodiret
1357 1873 1476 1946 illum.
2000 1969 2003 1972 -

545 1975 613 2027 cen.
631 1973 654 2024 3·
669 1990 711 2042 17·
790 1979 898 2051 Dixit
921 1975 1104 2048 Dominus
1132 1971 1248 2044 Adae:
1274 1969 1468 2042 maledicta
1483 1979 1582 2040 terra
1599 1967 1640 2039 in
1664 1989 1772 2060 opere
1796 1975 1885 2036 tuo:
1902 1963 1942 2035 in
1965 1964 2104 2038 labori-

743 2077 815 2147 bus
842 2073 1010 2146 consedes
1028 2095 1076 2142 ex
1094 2094 1137 2141 ea
1153 2068 1299 2140 cunctis
1314 2065 1449 2139 diebus
1470 2064 1559 2139 vitae
1574 2075 1660 2135 tuae.
1676 2063 1722 2132 In
1739 2058 1875 2133 sudore
1897 2059 2025 2134 vultus
2042 2063 2103 2135 tui

744 2167 905 2246 vesceris
949 2193 1041 2260 ane,
1058 2167 1176 2238 donec
1194 2163 1454 2238 revertaris'in
1478 2173 1626 2232 terram.

544 2257 682 2310 ²¹⁰³·2Q
698 2277 726 2328 9·
793 2267 894 2339 Deus
911 2197 1114 2337 ‹listinavit
1146 2287 1213 2334 ses
1234 2259 1370 2333 diesin
1393 2255 1623 2330 hebdomade
1644 2253 1779 2345 labori,
1792 2278 1878 2328 cum
1894 2255 2014 2329 dixit:
2033 2279 2105 2331 sex

746 2363 877 2435 diebus
903 2359 1183 2458 operaberis‚et
1205 2355 1318 2429 facies
1337 2354 1464 2429 omnia
1486 2363 1695 2448 operatua.
1761 2387 1765 2396 ·

548 2458 725 2526 essarto.
793 2459 907 2532 Jacob
929 2456 1122 2529 assiduum
1155 2479 1264 2526 strum
1289 2452 1451 2524 laborem
1485 2459 1652 2519 recenset
1670 2447 1794 2518 Labeo
1816 2445 1928 2540 ,dum
1949 2447 2023 2519 ait:
2040 2445 2114 2519 die

745 2568 935 2642 noctuque
968 2563 1063 2618 aestu
1090 2551 1227 2614 urebar
1252 2555 1289 2613 et
1315 2544 1423 2636 gelu,
1448 2539 1686 2638 fugiebatque
1712 2565 1867 2615 somnus
1906 2545 1953 2616 ab
1985 2541 2105 2618 ocutis

745 2645 849 2715 meis.
872 2639 1006 2737 Sicque
1026 2665 1093 2735 per
1113 2639 1250 2734 viginti
1272 2663 1391 2710 asinos
1413 2641 1454 2711 ln
1480 2639 1592 2711 domo
1624 2640 1688 2711 tot
1710 2639 1850 2712 servivi
1878 2639 1956 2712 tibi.

524 2735 526 2740 ’
550 2734 727 2801 3·R⁶t·²·²⁶·
795 2735 977 2809 Abiathar
996 2733 1182 2807 Sacerdoti
1210 2731 1308 2806 dixit
1327 2733 1498 2808 Salomon
1516 2735 1714 2832 :equidem
1734 2736 1796 2809 vir
1817 2735 1946 2806 mortis
1969 2760 2023 2825 es,
2036 2733 2106 2806 sed

735 2829 858 2904 'hodie
877 2845 913 2904 te
929 2856 1006 2904 non
1025 2831 1269 2921 interficiam,
1312 2831 1375 2902 uia
1392 2831 1547 2926 portasti
1569 2857 1690 2904 arcam
1704 2831 1851 2904 Domini
1867 2830 1957 2922 Dei,
1969 2843 2007 2903 et
2020 2855 2107 2902 sus·

745 2928 895 2999 tinuisti
926 2927 1091 2999 laborem
1128 2928 1169 2998 iu
1191 2857 1366 2998 omnibus
1400 2927 1601 3024 inquibus
1632 2927 1811 3001 laboravit
1868 2937 1949 3000 ater
1978 2951 2111 2998 meus..

551 3017 654 3066 T⁰b·²·
671 3033 711 3084 ι9·
796 3023 906 3094 Anna
925 3047 1026 3096 uxor
1053 3022 1179 3094 Tobiae
1198 3023 1276 3094 ibat
1294 3022 1348 3093 ad
1379 3049 1473 3120 opus
1500 3027 1710 3098 textrinum
1732 2951 1867 3119 quotiI

746 3117 836 3190 bore
852 3143 1032 3192 manuum
1047 3143 1198 3192 suarum
1216 3119 1361 3193 victum
1374 3175 1383 3211 ,
1395 3145 1507 3216 quem
1527 3121 1704 3218 consequi
1719 3129 1864 3218 poterat
1880 3174 1890 3208 ‚
1904 3116 2106 3190 deferebat.

514 3237 518 3247 ·
549 3209 627 3268 ΡΜ·
653 3213 693 3265 3¹·
796 3215 987 3288 Mulierem
1001 3214 1101 3286 illam
1129 3213 1287 3306 fortem,
1303 3226 1340 3287 et
1367 3242 1500 3312 genere
1532 3216 1716 3291 illustrem
1749 3212 1878 3287 laudat
1905 3213 2106 3287 Salomon:

746 3309 929 3400 Quaesivit
943 3310 1064 3384 lanam
1082 3324 1120 3383 et
1130 3312 1250 3385 linum
1265 3367 1275 3402 ,
1290 3325 1326 3382 et
1343 3324 1492 3406 operata
1511 3326 1568 3385 est
1585 3316 1627 3386 in
1649 3304 1807 3387 c'onsilio
1819 3335 1996 3382 manuum
2017 3331 2111 3378 sua-

745 3433 843 3481 rum.
871 3408 925 3479 De
951 3420 1060 3479 nocte
1088 3408 1274 3496 surrexit,
1303 3406 1478 3504 deditque
1511 3409 1674 3505 praedam
1705 3407 1912 3480 domesticis
1935 3403 2037 3494 suis,
2067 3413 2111 3475 et

746 3503 883 3576 cibaria
903 3502 1047 3575 ancillis
1060 3507 1149 3576 suis.
1167 3505 1219 3575 De
1236 3501 1364 3575 fructu
1375 3529 1556 3578 manuum
1570 3530 1721 3577 suarum
1740 3499 1920 3598 plantavit
1937 3501 2109 3572 vineam.

744 3601 898 3672 Manum
922 3624 1028 3672 suam
1049 3600 1161 3682 misit
1183 3599 1230 3671 ad
1260 3600 1393 3692 fortia,
1410 3613 1447 3674 et
1463 3600 1568 3696 digiti
1587 3603 1668 3697 ejus
1681 3591 2110 3698 apprehenderuntfu-

707 3725 711 3736 ·
745 3719 839 3767 suin.
874 3697 1012 3768 Panem
1045 3697 1163 3766 otiosa
1196 3721 1274 3767 non
1318 3697 1487 3768 comedit.

547 3789 614 3858 Ass·
637 3807 658 3842 ¹·
793 3789 937 3862 Indicat
961 3791 1062 3863 Deus
1083 3790 1221 3887 populo
1248 3792 1567 3886 perProphetam
1595 3794 1794 3887 Aggaeum‚
1811 3790 1912 3888 quod
1941 3785 2115 3884 plurima

745 3882 844 3954 mala
863 3886 1055 3958 venissent
1082 3913 1195 3982 super
1210 3912 1271 3959 eos
1284 3940 1294 3978 ,
1306 3911 1349 3959 eo
1365 3887 1467 3983 quod
1489 3913 1567 3962 non
1583 3887 1838 3963 admovissent
1861 3909 1998 3960 manus
2020 3905 2116 3955 suas

746 3976 790 4048 ad
822 3980 1104 4054 aedificationem
1132 3982 1271 4079 templi.
1500 3980 1502 3986 ’
1770 3987 1778 4004 ”

549 4077 632 4128 usse.
645 4078 672 4129 ⁶·
683 4077 726 4144 4⁸·
795 4073 966 4149 Christus
989 4077 1123 4150 videns
1144 4079 1354 4172 laborantes
1378 4075 1579 4177 discipulos
1601 4081 1642 4154 in
1657 4077 1879 4180 {remIgando
1896 4132 1907 4173 ,
1927 4075 2036 4154 venit
2062 4068 2123 4148 atl

744 4197 807 4245 eos
828 4198 940 4268 super
967 4197 1077 4245 mare.

548 4259 646 4314 Μ·
667 4281 708 4321 ²⁰·
792 4267 1063 4343 Paterfamilias
1084 4268 1340 4344 laborantibus
1356 4269 1397 4343 in
1419 4271 1532 4344 vinea
1553 4273 1758 4346 mercedem
1781 4269 1903 4348 solvit.

546 4363 624 4418 sua.
638 4381 678 4420 αι.
794 4362 966 4438 Christus
997 4364 1212 4438 nsanifestat
1232 4391 1270 4440 se
1298 4365 1489 4463 discipulis
1516 4367 1782 4444 laborantibus.

1863 3023 1897 3094 ie
1910 3034 1969 3115 ,et
1984 3021 2031 3092 de
2049 3019 2109 3091 la-
