4502 5484
792 367 890 458 ‚aa
951 381 955 389 ·
1124 341 1392 432 TITULUS
1432 295 1548 434 xm]
1578 343 1899 464 Apparitiones.
2000 345 2007 351 ’

882 577 980 650 Cum
1013 570 1289 670 complerentur
1328 571 1406 646 dies
1440 571 1675 646 Pentecostes
1713 583 1819 646 erant
1852 555 1981 646 omnes
2016 571 2178 670 discipuli

833 673 973 770 pariter
1005 671 1060 784 in·
1080 667 1209 781 eodcm
1240 667 1329 744 loco
1356 670 1406 743 Et
1431 680 1686 767 apparuerunt
1712 669 1766 742 eis
1795 667 1998 766 dispertitae
2029 668 2179 765 linguae,
2231 711 2232 728 ,

831 783 1250 961 taldiripiiiirniiillilianos
1272 862 1414 960 Spiritu
1441 873 1590 956 sancto,
1612 859 1812 938 intendens
1838 863 1880 936 iu
1910 860 2072 954 coelum,
2090 861 2181 936 vidit

832 961 986 1058 gloriam
1009 962 1078 1032 Dei
1105 973 1142 1032 et
1169 962 1240 1033 ait:
1258 961 1353 1032 Ecce
1372 957 1485 1035 video
1505 959 1618 1034 coelos
1640 969 1808 1057 apertos,
1828 971 1866 1034 et
1883 957 2006 1034 filium
2024 957 2182 1034 hominis

833 1070 993 1131 stantem
1024 1081 1049 1128 a
1078 1055 1222 1129 dextris
1254 1057 1333 1130 Dei.

660 1190 673 1223 c
716 1188 756 1222 t·
880 1152 1043 1265 Angelus
1071 1153 1223 1226 Domini
1243 1153 1384 1244 astitit,
1409 1163 1447 1226 et
1468 1149 1616 1228 refulsit
1637 1147 1767 1226 lumen
1788 1153 1831 1226 in
1858 1147 2078 1226 habitaculo
2111 1173 2184 1223 car·

830 1249 947 1340 ceris,
968 1273 1009 1320 m
1051 1260 1198 1322 uocrat
1213 1249 1401 1324 dormiens
1419 1247 1576 1340 Petrus,
1594 1248 1748 1322 vinctus
1768 1248 1909 1322 catenis
1923 1247 2097 1321 duabus:
2114 1271 2184 1344 per·

830 1368 1013 1440 suasoque
1025 1276 1150 1418 latere
1169 1345 1272 1419 Petri
1286 1345 1469 1420 excitavit
1486 1367 1592 1433 eum,
1614 1341 1741 1414 dicens
1759 1369 1767 1413 :
1785 1345 1901 1440 Surge
1917 1342 2110 1416 velociter.

880 1440 974 1512 Cum
994 1441 1310 1539 appropinquaret
1334 1440 1472 1518 Saulus¹
1484 1440 1687 1529 Damasco,
1707 1450 1752 1511 ut
1770 1452 1916 1534 caperet
1934 1437 2184 1530 Christianos,

830 1533 955 1610 subito
970 1535 1220 1610 circumfulsit
1237 1563 1323 1612 eum
1339 1537 1411 1610 lux
1427 1533 1473 1608 de
1492 1533 1604 1624 coelo,
1620 1545 1657 1605 et
1675 1531 1822 1610 audivit
1838 1536 2050 1608 Dominum
2063 1536 2086 1606 J
2087 1559 2182 1610 esum

733 1679 736 1690 ·
828 1629 1066 1706 Nazarenum
1087 1631 1274 1706 dicentem
1302 1632 1373 1710 sibi
1393 1629 1532 1702 :Saule
1555 1627 1726 1725 quidme
1746 1628 2021 1728 persequeris?
2043 1645 2081 1704 et
2103 1655 2184 1704 con·
2231 1703 2232 1728 ,

828 1737 1030 1824 sequenter
1051 1727 1225 1824 apparuit
1246 1729 1413 1800 Ananiae.
2231 1733 2232 1750 ¹

658 1847 670 1880 c
728 1849 754 1882 ο·
878 1823 1074 1896 Cornelius
1097 1823 1305 1915 Centurio,
1323 1823 1387 1898 rir
1399 1818 1593 1916 religiosus
1611 1829 1648 1892 et
1669 1818 1807 1894 timens
1826 1823 1971 1916 Deum,
1992 1823 2095 1900 vidit
2113 1845 2183 1896 ma-

828 1919 987 2011 nifeste,
1008 1921 1118 2016 quasi
1142 1917 1236 1993 hora
1261 1919 1337 1994 diei
1358 1943 1459 1992 nona
1475 1972 1486 2011 ,
1503 1915 1676 2012 angelum
1702 1917 1855 1992 Domini
1884 1917 2074 1994 dicentem
2099 1919 2180 1993 sibi:

830 2015 995 2108 Corneli,
1016 2017 1124 2090 mitte
1149 2017 1252 2092 viros
1274 2019 1317 2090 in
1342 2015 1508 2113 Joppen,
1539 2025 1577 2084 et
1604 2035 1748 2086 accerse
1787 2014 1978 2090 Simonem
2009 2013 2181 2104 Petrum,

828 2111 892 2186 hic
925 2112 1022 2186 dicet
1047 2114 1141 2206 tibi,
1170 2112 1263 2212 qnid
1284 2125 1322 2187 te
1350 2121 1518 2210 oporteat
1551 2107 1684 2182 facere.

669 2211 675 2224 '
695 2230 745 2265 em.
878 2211 1018 2283 Oronte
1037 2211 1147 2284 Petro
1163 2222 1200 2283 et
1208 2210 1420 2302 esuriente,
1437 2204 1571 2280 cecidit
1587 2229 1700 2298 super
1721 2227 1810 2278 eum
1824 2208 1962 2282 mentis
1992 2227 2182 2293 excessus,

827 2318 865 2380 et
882 2305 980 2382 vidit
996 2306 1132 2379 coelum
1149 2318 1342 2399 apertum,
1361 2324 1405 2372 ac
1422 2297 1651 2368 descendens
1669 2297 1716 2367 ad
1735 2321 1775 2369 se
1789 2323 1858 2373 vas
1877 2303 2064 2392 quoddam
2083 2301 2188 2372 velut

825 2399 987 2475 linteum
1023 2423 1202 2494 magnum
1237 2410 1402 2490 quatuor
1434 2391 1554 2463 initiis
1592 2385 1784 2483 alligatum
1816 2391 1963 2462 demitti
1992 2389 2132 2464 ecoelo
2148 2395 2189 2465 in

827 2505 989 2581 terram,
1014 2495 1058 2561 in
1085 2513 1164 2582 quo
1206 2497 1313 2560 erant
1340 2486 1468 2560 omnia
1491 2481 1747 2583 quadrupedia
1774 2494 1904 2580 terr-a,
1921 2484 2130 2584 bestiaeque
2153 2499 2187 2562 et

828 2583 1002 2677 reptilia,
1034 2593 1072 2652 et
1102 2581 1271 2653 volatilia
1297 2581 1392 2654 coeli.

747 2724 755 2740 .
878 2675 975 2748 Cum
1000 2675 1141 2748 Paulus
1164 2687 1201 2748 et
1227 2675 1335 2777 Sylas
1356 2675 1580 2751 transissent
1601 2676 1785 2775 Mysiam,
1807 2675 2083 2753 descenderunt
2101 2679 2183 2754 Tro

826 2769 948 2872 jadom
961 2825 972 2864 ,
987 2771 1086 2848 visio
1110 2795 1177 2870 per
1200 2784 1348 2848 noctem
1373 2772 1491 2846 Paulo
1513 2783 1663 2846 ostensa
1686 2785 1752 2846 est.
1772 2773 1842 2846 Vir
1867 2775 2018 2850 Macedo
2033 2777 2182 2873 quidam

827 2879 908 2941 crat
935 2880 1037 2941 stans
1058 2881 1095 2942 et
1117 2868 1318 2964 deprecans
1338 2895 1444 2962 eum,
1464 2869 1612 2943 dicens:
1634 2869 1835 2942 Transiens
1850 2871 1892 2943 in
1916 2872 2181 2960 Macedoniam,

827 2961 969 3062 adjuva
1003 2989 1083 3038 nos.
1114 2964 1223 3039 Dim
1247 2966 1432 3040 Dominus
1466 2976 1577 3042 nocte
1613 2987 1680 3061 pcr
1705 2964 1892 3040 visionem
1916 2967 2034 3043 Paulo
2062 2995 2070 3042 ι
2102 2967 2181 3048 Noli

828 3061 978 3155 timere,
1004 3061 1177 3159 loquere,
1203 3087 1252 3135 ne
1284 3075 1415 3137 taceas.

876 3155 1048 3248 Quadam
1071 3153 1182 3254 no'cte
1211 3158 1419 3255 Dominus,
1449 3158 1624 3231 assistens
1646 3154 1781 3251 Paulo,
1808 3161 1861 3234 ait
1888 3159 1972 3234 illi‘:
2000 3161 2179 3238 Constans

829 3265 908 3328 esto
934 3254 1070 3349 Paule,
1101 3256 1200 3328 sicut
1225 3255 1446 3330 testificatus
1477 3253 1585 3326 esde
1615 3275 1676 3326 me
1705 3252 1748 3327 in
1777 3255 2034 3354 Hierusalem,
2066 3259 2119 3334 sic
2149 3263 2181 3328 et

827 3352 953 3427 Romae
980 3362 1019 3423 te
1048 3361 1193 3446 oportet
1223 3349 1425 3424 testificari.

878 3446 1071 3520 Consolari
1098 3445 1231 3520 volens
1260 3445 1401 3522 Paulus
1434 3446 1551 3532 socios
1588 3469 1699 3542 suos,
1726 3455 1893 3546 tempore
1929 3452 2180 3548 tempestatis,

827 3543 947 3619 suasit
976 3544 1029 3618 eis
1059 3543 1160 3618 bono
1190 3542 1442 3644 animoesse,
1472 3543 1599 3619 dicens
1613 3569 1623 3615 ¹:
1654 3543 1785 3618 Astitit
1809 3545 1906 3621 mihi
1931 3547 2086 3642 angelus
2114 3547 2180 3619 hac

827 3653 938 3714 nocte
965 3639 1093 3713 dicens
1120 3638 1207 3712 :Ne
1233 3641 1366 3714 timeas
1385 3639 1523 3736 Paule,
1542 3639 1679 3714 Caesari
1700 3651 1739 3712 te
1765 3654 1911 3738 oportet
1937 3643 2124 3719 assistere.
2136 3643 2179 3718 Et

828 3761 912 3808 ecce
933 3733 1091 3810 donavit
1109 3735 1180 3810 tibi
1200 3736 1330 3810 DEUS
1351 3763 1481 3812 omnes
1505 3739 1573 3834 qni
1596 3736 1778 3839 navigant
1808 3749 1946 3813 tecum.

656 3865 691 3920 c..
728 3866 751 3920 ς.
875 3833 1013 3906 Beatus
1045 3830 1206 3904 Joannes
1236 3833 1435 3931 Apostolus
1457 3845 1495 3908 et
1514 3831 1754 3929 Evangelista
1772 3834 1887 3911 exilio
1908 3835 2116 3949 relegatus,
2142 3835 2180 3908 in

826 3927 951 4004 medio
971 3939 1111 4026 septem
1133 3927 1440 4006 candelabrorum
1468 3953 1689 4024 aureorum,
1711 3927 1884 4006 Christus
1909 3933 1966 4008 ills
1991 3933 2179 4036 appanrit,

694 4047 697 4058 ·
828 4037 866 4122 et
898 4025 1132 4104 mirabilibus
1152 4022 1443 4106 revelationibm
1468 4037 1572 4106 totus
1597 4024 1693 4106 liber
1712 4025 1846 4132 plenus
1869 4039 1937 4126 est,
