4524 5496
762 347 867 437 ψ,
1089 274 1349 409 arrosus
1387 321 1512 411 xcu.
1553 321 1750 409 Luxuria.
1855 339 1856 350 Ν

568 549 635 602 rot.
651 549 726 616 ¹l·⁵·
813 545 946 616 Tobias
965 546 1093 618 Senior
1115 545 1234 618 filium
1256 570 1367 624 suum
1391 545 1437 616 ab
1465 542 1623 617 infantia
1649 546 1779 617 timere
1805 543 1923 642 Deum
1954 547 2110 642 docuit,

601 624 629 668 ⁶⁸
644 617 682 682 ¹4·
765 649 801 708 et
824 639 1006 712 abstinere
1028 643 1075 712 ab
1090 643 1192 712 omni
1214 653 1371 737 peccato.
1387 639 1550 729 Deinde,
1573 665 1656 711 cum
1683 665 1720 709 se
1742 639 1816 708 cito
1838 640 2000 713 crederet
2024 670 2114 716 rno-

763 734 947 825 riturum,
969 737 1027 830 pie
1046 749 1083 808 et
1100 735 1297 808 salubriter
1317 736 1500 809 instruxit
1522 759 1619 804 eum.
1641 733 1816 804 Similiter
1836 730 1925 805 fecit
1943 737 2117 809 instante

763 837 882 898 morte
904 832 981 902 sust.

567 935 636 988 rot.
660 912 714 986 ιο.ι
811 921 984 996 Parentes
1001 927 1097 999 Sarte
1116 928 1248 998 uxoris
1263 925 1388 996 Tobiae
1399 924 1558 1018 junioris
1579 919 1800 992 dimiserunt
1811 922 1865 993 ire
1876 923 1990 1018 filiam
2004 951 2118 1002 suam

762 1041 847 1088 oum
864 1019 948 1091 viro
967 1047 1055 1117 suo,
1076 1032 1268 1093 monentes
1293 1043 1393 1110 eam,
1419 1016 1604 1087 honorare
1627 1039 1791 1105 soceros,
1819 1015 1968 1112 diligere
1994 1024 2124 1095 mari-

694 1097 702 1112 ’
761 1122 843 1183 tum
868 1137 1001 1205 suum,
1033 1142 1156 1210 regere
1188 1113 1367 1186 familiam
1401 1135 1527 1200 suam,
1561 1109 1765 1204 gubernare
1798 1111 1970 1206 domum,
2003 1129 2040 1187 et
2070 1143 2120 1188 se

763 1204 881 1300 ipsam
911 1209 1270 1304 irreprehensibilem
1291 1207 1479 1288 exhibere.

568 1320 627 1372 tob.
644 1337 666 1370 ι.
811 1306 981 1395 Magnam
1005 1293 1276 1374 solicitudinem
1300 1299 1447 1394 gerebat
1471 1297 1541 1369 Job
1575 1294 1620 1366 de
1650 1296 1774 1368 liberis
1799 1299 1898 1392 suis,
1953 1306 1995 1376 ui
2026 1328 2123 1382 cum·

765 1396 875 1466 simul
899 1397 1169 1486 comedissent,
1196 1395 1370 1483 offerebat
1406 1392 1621 1466 holocausta
1649 1418 1715 1487 per
1742 1395 1906 1488 singulos
1960 1401 2032 1492 es,
2064 1429 2114 1475 ne

762 1486 857 1560 forte
887 1505 1106 1584 peccassent.
1574 1581 1581 1595 .
1718 1583 1723 1596 .

568 1603 638 1654 uta.
657 1602 697 1652 13.
811 1585 987 1672 Parentes
1005 1587 1206 1678 Susannse,
1225 1610 1311 1658 cum
1340 1596 1462 1656 essent
1491 1588 1604 1678 justi,
1621 1581 1839 1656 erudierunt
1865 1584 1983 1660 filiam
2006 1606 2109 1668 suam

765 1678 968 1748 secundiun
995 1681 1110 1772 legem
1140 1681 1291 1774 Moysis.
1364 1683 1367 1692 '
1515 1681 1540 1694 ”

574 1806 597 1838 ι.
617 1786 704 1838 uach.
721 1803 745 1837 α.
813 1772 907 1841 Cum
931 1774 1242 1868 appropinquaret
1257 1773 1368 1844 morti
1390 1771 1608 1864 Matathias,
1624 1770 1720 1844 fihos
1738 1799 1825 1846 suos
1846 1777 2036 1854 salubriter
2050 1786 2109 1858 in-

766 1865 905 1938 struxit
917 1919 926 1952 ,
938 1879 974 1937 et
990 1879 1118 1946 contra
1134 1867 1476 1960 impios'animavit.
1959 1945 1964 1952 ,

571 2000 596 2036 2.
616 1984 703 2036 uach.
721 2004 745 2054 7·
812 1961 930 2053 Supra
960 1961 1113 2034 modum
1128 1974 1247 2033 mater
1262 1962 1440 2032 mirabilis
1454 2017 1463 2053 ,
1475 1985 1558 2058 quae
1574 1963 1755 2124 patientes
1771 1979 1909 2061 septem
1925 1971 2111 2048 filiossub
2164 2024 2167 2032 ‚

679 2047 681 2058 ’
763 2056 878 2126 unius
907 2054 980 2127 diei
1008 2069 1172 2152 tempore
1205 2059 1456 2150 conspiciens,
1474 2057 1581 2149 singu
1596 2081 1636 2126 os
1663 2056 1883 2136 hortabatur
1908 2067 1967 2163 piri
1992 2093 2108 2166 voce,

766 2147 890 2224 dicens
909 2175 915 2218 :
934 2149 1064 2226 Nescio
1076 2206 1086 2244 ,
1099 2151 1258 2249 qualiter
1273 2149 1314 2222 in
1334 2165 1441 2225 utero
1456 2157 1539 2224 m'eo
1558 2154 1780 2246 apparuistis
1807 2171 1873 2230 etc.

1187 2285 1527 2393 mrutus
1576 2308 1723 2392 ron.

1310 2465 1313 2472 ’
1353 2437 1563 2522 Luxuria..

574 2653 639 2702 een.
657 2647 683 2698 a
765 2568 987 2691 Peccatum
1013 2622 1135 2694 carnis
1162 2623 1345 2718 praecipua
1369 2626 1520 2700 videtur
1537 2626 1654 2702 fuisse
1676 2652 1970 2734 causa,pmpte1·
1994 2669 2111 2741 quam

766 2715 949 2786 Dominus
973 2713 1118 2821 diluvio
1143 2717 1321 2794 deleverit
1347 2721 1547 2800 mundum.¹
1564 2726 1711 2803 Dicitur
1725 2755 1847 2804 emm:
1868 2737 1998 2812 Omnis
2020 2767 2108 2817 caro

768 2821 979 2900 corruperat
997 2835 1096 2882 viam
1115 2837 1234 2884 suam.

574 2936 641 2984 cen.
660 2951 699 2999 ¹9·
816 2905 893 2971 Hoc
919 2903 1028 2972 etiam
1050 2903 1124 2975 fuit
1150 2929 1261 2977 causa
1281 2907 1469 2986 horribilis
1490 2915 1653 2993 incendii
1680 2921 1847 2998 sodotnae.

449 3001 458 3016 ⁹
576 3023 642 3069 (an.
662 3017 703 3084 34.
813 2993 930 3104 licta,
946 3006 1037 3090 quot
1052 3009 1088 3073 et
1104 3012 1244 3107 quanta
1259 3006 1355 3077 mala
1370 3013 1562 3088 evenerint
1576 3035 1644 3112 pro
1656 3019 1797 3096 ardenti
1818 3047 1940 3098 amore
1956 3028 2108 3106 Sichem·

768 3085 838 3162 fitn
865 3092 997 3181 Emor,
1015 3096 1080 3187 qui
1108 3094 1290 3174 nolenter
1315 3101 1465 3205 Dynam
1488 3121 1678 3209 oppressit.

576 3205 644 3257 cen.
662 3205 703 3256 ss.
816 3185 1018 3264 Luxuriosi
1041 3189 1190 3292 quando
1216 3225 1263 3272 ue
1289 3201 1479 3278 luxuriam
1506 3211 1544 3280 iu
1566 3209 1647 3284 aliis
1670 3212 1923 3312 detestantur,
1945 3235 1988 3294 ut
2005 3237 2111 3317 patet

769 3276 815 3356 de
841 3281 957 3400 luda,
975 3290 1041 3384 qui
1068 3291 1165 3401 dixit
1187 3225 1231 3365 de
1254 3297 1435 3377 Thamar:
1451 3304 1647 3378 Producit'e
1674 3326 1834 3401 eam‚ut
1858 3317 2102 3390 comburatur.

576 3391 660 3446 Judtc.
681 3409 723 3446 20·
818 3385 1016 3456 Occasione
1045 3413 1181 3460 uxores
1202 3392 1339 3464 Levitae
1368 3421 1390 3466 a
1420 3398 1510 3472 viris
1527 3401 1641 3474 Belial
1665 3406 1707 3477 in
1734 3409 1858 3484 Gaba
1883 3411 2074 3504 benjamin
2092 3470 2111 3506 ,

767 3479 976 3644 incredibili
991 3481 1157 3556 libidinis
1172 3485 1297 3560 surore
1315 3507 1478 3570 vexartte
1489 3551 1499 3590 ,
1510 3497 1621 3572 occisi
1637 3513 1725 3575 sunt
1745 3503 1831 3600 plus
1853 3507 1965 3602 quam
1978 3507 2106 3602 60,ooo

797 3601 974 3648 ommum.
1768 3649 1773 3664 .

576 3705 601 3739 2.
614 3689 675 3758 aeg.
691 3685 750 3753 at.
816 3671 983 3744 Isboseth
1013 3673 1113 3746 filius
1142 3678 1227 3749 Saul
1256 3680 1443 3778 redarguit
1465 3689 1611 3782 Abner,
1631 3696 1697 3788 qui
1710 3694 1901 3790 ingressus
1920 3699 2040 3774 fuerat
2057 3699 2107 3772 ad

769 3767 1011 3874 concubinam
1034 3772 1148 3864 patris
1171 3774 1238 3846 sui.
1256 3773 1381 3850 Abner
1396 3795 1518 3854 autem
1534 3785 1652 3860 iratus
1669 3817 1779 3886 super
1798 3791 1871 3863 ho'c
1892 3797 2110 3888 procuravit.

769 3885 803 3931 er
833 3860 977 3970 auferre
991 3875 1149 3960 terram,
1165 3880 1204 3940 et
1225 3871 1298 3942 citt
1317 3885 1399 3966 post
1421 3877 1544 3951 amisit
1565 3893 1719 3980 uterque
1741 3887 1855 3962 sitam
1880 3897 1916 3960 et
1937 3893 2108 3982 patriam.

577 3987 601 4020 α.
614 3972 675 4040 aeg.
692 3987 733 4024 tt.
816 3957 935 4029 David
948 3971 1079 4050 captus·
1092 3965 1405 4040 amoreBetsabeae
1424 3974 1554 4060 uxoris
1572 3975 1691 4071 Uriae,
1707 4007 1791 4054 cum
1802 3982 1866 4056 itta
1879 3983 2112 4060 adulterium

770 4052 975 4138 commisit,
992 4065 1029 4120 et
1053 4077 1139 4125 cum
1166 4059 1373 4151 proditione
1399 4063 1641 4144 homicidium
1666 4081 1902 4171 perpetravit.

576 4163 677 4220 rasin.
693 4187 732 4222 n.
818 4145 924 4255 Stetit
945 4142 1081 4254 ¹'iudith
1105 4161 1189 4222 ante
1213 4152 1343 4230 faeiem
1366 4155 1830 4260 Holofernis,concussum
1849 4187 1929 4252 erat
1945 4199 2020 4269 cot,
2041 4195 2112 4248 ar·

736 4270 738 4276 .
769 4235 859 4310 dens
886 4258 1001 4337 apstus
1021 4265 1063 4315 m
1090 4251 1395 4344 concupiscentia.
1533 4275 1535 4280 ·
