4452 5462
347 445 612 536 TITULUS
663 449 838 540 CLXV.
879 452 1072 572 Templa
1102 455 1364 543 honoranda.
1466 461 1548 546 303

838 674 894 756 T.

544 841 923 934 ,TITULUs
981 853 1184 942 CLXV.

551 1135 552 1140 Ν
629 1014 807 1130 Templa
850 1021 1109 1114 honoranda.

185 1145 379 1278 Locutus
406 1211 461 1278 est
475 1201 661 1281 Dominus
683 1208 730 1282 ad
750 1211 907 1308 Moysen
926 1211 1079 1289 dicens:
1099 1217 1224 1292 Facies
1239 1218 1381 1292 labium
1402 1185 1551 1295 aeneum
1567 1223 1652 1284 mod.
1672 1227 1717 1282 3⁶·

187 1297 234 1369 ad
260 1299 484 1394 lavandum,
506 1314 544 1376 et
559 1305 672 1378 missit
688 1306 802 1402 aqui,
830 1306 1013 1384 lavabunt
1034 1313 1074 1385 in
1105 1341 1149 1386 eo
1166 1317 1291 1388 Aaron
1312 1329 1349 1388 et
1373 1305 1443 1391 lilii
1467 1321 1549 1413 ejus
1618 1325 1621 1338 '

187 1421 334 1566 priusnos⁸
347 1423 432 1472 suas
452 1423 494 1470 ac
511 1400 645 1498 pedes,
664 1401 817 1500 qnando
833 1405 1038 1502 ingressuri
1060 1423 1150 1484 sunt
1167 1409 1453 1486 tabernaculum
1474 1426 1549 1486 tes-

220 1517 347 1566 monn.

205 1677 213 1695 ι
234 1585 318 1751 Nep
341 1587 497 1682 licebat,
531 1593 607 1664 nisi
628 1596 783 1688 paucis,
802 1597 943 1670 intrare
966 1598 1271 1696 tabernaculum,
1295 1625 1365 1677 nec
1383 1628 1475 1678 vasa
1491 1606 1550 1701 ip-
1568 1617 1649 1672 Num.
1667 1615 1695 1684 t.

184 1705 262 1754 stus
306 1707 354 1752 an
378 1708 449 1756 ere.

235 1707 457 1874 Diligeistior
483 1793 521 1852 et
545 1781 754 1858 ferventior
774 1785 849 1861 fuit
875 1787 1050 1862 Salomon
1078 1794 1121 1862 in
1149 1794 1394 1864 aedificatione
1419 1795 1548 1886 templi
1568 1807 1594 1858 3.
1607 1801 1719 1873 ‘neg-6·

186 1871 277 1963 Dei,
307 1899 420 1969 quam
450 1877 491 1948 in
521 1875 765 1949 edificatione
797 1883 932 1952 domus
969 1887 1139 1976 propriae.
1166 1883 1261 1957 Nam
1294 1885 1453 1968 domum
1480 1887 1550 1964 Dei

125 1975 127 1980 ’
188 1969 391 2067 complevit
407 1984 546 2084 septem
570 1974 702 2062 annis,
723 1971 877 2046 domum
899 1977 990 2048 verb
1011 1979 1197 2070 propriam
1216 1979 1393 2052 tredecim
1417 1987 1550 2054 annis:

185 2065 371 2141 Praeterea
387 2069 499 2142 citius
523 2070 636 2164 coepit
652 2065 834 2142 aedificare
853 2069 1035 2165 templum
1052 2097 1163 2168 quam
1188 2073 1342 2146 domum
1366 2101 1488 2146 suam.

236 2167 409 2258 Magnam
427 2164 517 2238 secit
535 2163 705 2238 Salomon
731 2164 991 2239 solennitatem
1018 2166 1060 2240 in
1082 2165 1327 2241 aedificatione
1345 2169 1486 2264 templi.
1570 2177 1595 2228 ³·
1613 2179 1676 2248 neg.
1691 2179 1720 2230 θ’

235 2261 416 2360 Praecepit
442 2260 575 2358 Jojada
605 2259 799 2354 Pontifex,
825 2274 871 2333 ut
892 2259 1043 2333 Athalia
1064 2263 1285 2338 educeretur
1315 2277 1425 2338 extra
1454 2276 1550 2338 tem·
1567 2279 1595 2345 t·
1612 2279 1676 2347 mg.
1695 2295 1736 2328 u·

186 2355 292 2454 plum
309 2411 320 2448 ‚
344 2370 381 2432 et
398 2385 476 2433 non
498 2357 731 2432 occideretur
751 2359 793 2430 in
823 2357 962 2452 templo
981 2358 1144 2431 Domini.

214 2481 219 2490 ·
239 2460 409 2550 Magnam
427 2481 555 2530 curam
571 2455 774 2528 videbatur
793 2453 980 2528 Dominus
1001 2453 1138 2528 habere
1154 2454 1201 2528 de
1217 2455 1379 2552 templo,
1398 2454 1551 2552 quando
1570 2495 1595 2529 ι.
1612 2474 1674 2530 md.
1692 2454 1731 2530 n'
1825 2513 1830 2522 .

187 2552 363 2650 praecepit
386 2551 487 2666 Cyro
510 2551 588 2648 regi
605 2553 827 2646 Persarum,
845 2562 891 2624 ut
912 2549 1112 2624 aedificaret
1137 2553 1172 2625 ei
1194 2551 1348 2625 domum
1375 2553 1417 2625 iu
1440 2552 1552 2624 Jeru-

187 2645 313 2721 salem.
342 2653 390 2722 Et
415 2649 640 2744 mtelligitur
665 2646 711 2720 de
737 2647 849 2722 domo
878 2647 1082 2739 materiali,
1112 2649 1209 2721 sicut
1236 2658 1337 2745 patet
1360 2647 1402 2720 in
1427 2659 1552 2720 textu.

187 2741 238 2815 Et
260 2742 332 2816 hoc
351 2771 418 2840 per
436 2747 567 2817 lsaiam
596 2758 684 2818 ante
701 2742 923 2840 praedictum
950 2741 1074 2816 fuerat
1099 2769 1167 2839 per
1189 2770 1269 2817 200.
1290 2769 1421 2816 annos.
1567 2755 1619 2806 1u.
1636 2748 1681 2818 45.
1741 2771 1746 2836 '.

237 2839 390 2914 Reversi
411 2843 457 2914 de
479 2839 711 2937 Babylonica
732 2841 948 2935 captivitate
971 2838 1093 2912 ludaei
1119 2841 1225 2935 prius
1245 2852 1440 2934 coeperunt
1461 2837 1553 2911 aedi-
1571 2864 1595 2896 ¹·
1612 2842 1674 2898 ssd.
1693 2842 1720 2895 ³·

188 2932 300 3004 ficare
321 2935 527 3031 templum,
563 2961 675 3032 qnam
703 2959 833 3008 muros
856 2936 1020 3007 civitatis
1044 2961 1051 3002 :
1075 2937 1178 3005 Licet
1204 2935 1350 3006 multos
1371 2934 1554 3007 haberent

191 3023 389 3113 inimicos,
417 3031 463 3096 de
488 3030 626 3116 quibus
648 3029 708 3097 die
739 3055 781 3097 ac
810 3042 920 3118 nocte
940 3029 1133 3100 timebant.

243 3116 536 3188 Commendatur
553 3117 715 3207 Tobias,
735 3117 825 3210 qnia
839 3119 918 3186 ibat
937 3119 979 3186 in
998 3119 1205 3190 Jerusalem
1220 3120 1268 3191 ad
1283 3123 1466 3216 templum
1478 3125 1556 3195 Do-
1570 3148 1639 3206 'rob-
1657 3166 1678 3201 a

190 3211 311 3305 mini,
340 3223 378 3284 et
399 3213 453 3284 ibi
475 3209 604 3280 orabat
626 3209 842 3279 Dominum.

243 3309 408 3383 Obtentsi
437 3305 596 3380 victorii
618 3301 663 3374 de
690 3300 876 3392 inimicis,
894 3299 961 3396 qui
983 3303 1337 3374 contaminaverunt
1351 3307 1556 3402 templum,
1571 3358 1593 3392 1,
1607 3337 1738 3408 num

195 3405 296 3480 dizit
320 3404 437 3478 ludas
463 3414 501 3474 et
531 3398 665 3472 fratres
692 3400 797 3496 ejus,
821 3408 1020 3490 antequam
1042 3396 1087 3468 de
1106 3396 1279 3468 domibus
1301 3401 1459 3492 propriis
1488 3401 1556 3473 ali-

194 3527 307 3596 quam
336 3501 501 3574 facerent
516 3495 756 3586 ‚mentionem
782 3519 789 3562 :
820 3493 916 3564 Ecce
952 3493 1104 3564 contriti
1133 3505 1222 3564 sunt
1244 3493 1389 3564 inimici
1411 3496 1560 3586 nostri,

194 3597 438 3670 ascendamus
461 3617 565 3668 nunc
584 3589 766 3664 mundare
793 3599 942 3680 sancta,
973 3597 1010 3658 et
1039 3613 1230 3661 renovare.

244 3696 324 3768 Rex
336 3691 548 3768 Demetrius
561 3687 714 3780 statuit,
730 3683 831 3782 qnod
844 3685 1061 3781 quicunque
1078 3681 1287 3779 confugerit
1301 3684 1342 3756 in
1354 3680 1554 3778 templum,
1574 3723 1594 3758 1·
1612 3705 1699 3792 paen.
1719 3727 1758 3766 η.

191 3791 292 3885 quod
321 3805 377 3870 est
397 3785 666 3882 Jerosolymis‚
691 3785 786 3855 etin
809 3780 985 3854 omnibus
1008 3779 1149 3852 finibus
1172 3783 1278 3877 ejus,
1299 3778 1456 3851 obnoxii
1475 3779 1554 3874 regi

191 3884 233 3956 in
252 3888 356 3959 omni
379 3885 545 3979 negotio,
574 3880 823 3952 dimittantur.
1273 3969 1277 3978 .
1340 3969 1347 3985 .

240 3983 428 4054 Euntibus
451 3979 473 4050 J
478 3977 590 4052 udaeis
614 3975 660 4047 ad
686 3973 825 4047 bellum
846 3984 976 4045 contra
1006 3970 1200 4045 Nicanoris
1225 3982 1450 4068 exercitum,
1472 3981 1552 4044 erat
1578 4001 1603 4038 α.
1617 3987 1761 4078 machus}

192 4101 262 4174 pro
287 4076 472 4150 uxoribus
510 4086 547 4146 et
579 4071 692 4164 filiis,
721 4073 810 4144 item
846 4096 914 4166 pm
947 4066 1126 4141 fratribus
1155 4081 1192 4140 et
1225 4067 1389 4162 cognatis
1428 4068 1552 4140 minor

194 4171 428 4264 sollicitudo,
461 4169 653 4254 monimus
672 4167 763 4242 verb
787 4178 823 4238 et
850 4165 1015 4260 primus,
1038 4189 1106 4261 pro
1124 4164 1319 4236 sanctitate
1342 4165 1455 4236 timor
1473 4175 1551 4235 erat

193 4267 346 4366 templis
721 4355 726 4368 ¹
846 4271 848 4277 ’
1338 4355 1345 4370 ι
1530 4353 1538 4370 .

242 4361 538 4462 Quadi-agesimo
550 4359 608 4434 die
624 4355 747 4464 yolmt
763 4356 949 4440 Dominus
960 4357 1003 4435 in
1013 4355 1195 4456 templum
1212 4351 1349 4432 desem
1364 4366 1401 4430 et
1416 4351 1554 4431 offern.
1571 4363 1638 4422 mc.
1659 4383 1691 4442 aa
