4464 5464
353 445 623 590 TITULUS
659 479 827 586 CLVII.
868 498 1061 590 Societas
1096 471 1331 588 malorum.¹
1442 503 1522 618 289

195 733 288 810 Post
320 732 466 808 obitum
497 729 606 806 Judae
634 729 838 808 Machaboei
851 744 1112 826 ,emerserunt
1137 735 1279 832 iniqui,
1297 745 1334 810 et
1352 731 1452 806 facta
1472 741 1528 803 est
1549 767 1571 802 ι.
1585 745 1712 815 uacua

143 831 269 906 fames
298 828 440 921 valida,
464 839 501 902 ot
532 827 666 922 impios
695 830 891 904 coustituit
924 829 1126 908 Bacchides
1157 829 1327 906 dominos
1356 827 1527 925 regionis.

143 931 198 1004 Et
221 927 321 1002 facta
342 937 399 1000 est
414 921 608 998 tribulatio
629 945 763 1018 magna
784 927 826 998 in
850 927 983 1019 Isra'cl,
1000 953 1085 1024 quae
1105 930 1233 1004 omnia
1251 927 1350 1000 mala
1371 924 1531 998 forsitan

143 1049 230 1102 non
255 1023 436 1112 fuissent,
453 1021 484 1092 si
512 1016 638 1092 adhuc
667 1016 809 1092 Judam
836 1025 978 1096 socium
1006 1049 1049 1096 ao
1077 1023 1274 1098 dominum
1298 1023 1529 1095 habuissent.

198 1121 297 1195 Cum
316 1118 462 1214 primus
478 1114 629 1188 illorum
654 1127 794 1210 septem
816 1116 978 1192 fratrum
1003 1119 1046 1192 in
1068 1120 1254 1215 sartagine
1275 1129 1531 1216 torqueretur,
1548 1149 1574 1187 α.
1587 1125 1675 1184 naci.
1694 1139 1720 1195 7.

143 1215 278 1292 caeteri
293 1237 382 1286 oum
403 1223 522 1286 matre
539 1209 583 1284 ad
607 1210 845 1286 moriendum
862 1211 1011 1288 fortiter
1028 1240 1067 1287 se
1086 1217 1249 1304 invicem
1270 1214 1531 1288 hortabantur.
1634 1271 1638 1274 .

199 1309 386 1382 Veniebat
408 1305 431 1377 J
433 1305 525 1379 udas
552 1306 788 1382 Machabaeus
815 1308 863 1384 ad
890 1309 1107 1406 capiendam
1141 1311 1371 1410 Scytopolim
1399 1309 1533 1384 civita-
1549 1336 1575 1373 ι·
1589 1314 1679 1372 flach·
1693 1327 1732 1364 ¹²·
1829 1383 1832 1392 λ
1871 1287 1873 1295 “

146 1419 249 1499 tem,
267 1403 331 1478 sed
350 1413 501 1501 propter
526 1403 549 1478 J
550 1403 695 1497 udaeos,
711 1409 780 1503 qui
800 1407 906 1482 intus
923 1406 1162 1500 habitabant,
1178 1432 1264 1504 erga
1287 1433 1383 1506 quos
1404 1407 1535 1504 Scyto·

146 1501 278 1603 politae
299 1501 451 1598 benigni
471 1514 595 1594 erant,
611 1501 666 1576 nil
689 1502 741 1576 eis
760 1503 850 1577 mali
869 1502 968 1577 fecit.
1000 1506 1082 1578 Imo
1110 1505 1247 1600 gratias
1270 1527 1383 1601 agens
1409 1501 1535 1576 horta·
1579 1589 1584 1600 Ι

147 1609 293 1676 tuaest
320 1622 382 1671 eos
409 1597 456 1670 de
482 1611 740 1695 caetero,·erga
763 1625 881 1696 genus
910 1626 1022 1675 suum
1050 1599 1233 1696 benignos
1261 1625 1351 1674 esse.

201 1691 393 1782 Quamdiu
422 1695 557 1772 Petrus
579 1693 654 1766 suit
677 1719 764 1768 cum
790 1697 996 1792 Apostolis,
1011 1697 1116 1770 fixus
1139 1708 1176 1770 ct
1199 1721 1354 1770 securus
1376 1693 1534 1788 mansit,
1552 1699 1650 1755 unuh.
1665 1697 1707 1750 ²⁶·
1762 1737 1764 1742 ·
1818 1759 1823 1786 ,

147 1785 218 1867 sed
241 1788 392 1883 quando
417 1787 492 1860 fuit
517 1791 559 1861 in
584 1791 680 1864 atrio
708 1792 847 1866 summi
877 1792 1097 1884 sacerdotis,
1114 1814 1201 1862 cum
1224 1792 1410 1884 ministris
1432 1789 1535 1862 illius
1552 1765 1687 1890 {fsffl

149 1882 376 1962 calefaciens
405 1909 443 1955 se
470 1882 516 1954 ad
542 1884 687 1976 ignem,
704 1889 911 1961 Dominum
942 1913 1079 1982 negare
1109 1886 1260 1982 incepit.
1472 1885 1489 1915 ⁶
1578 1897 1585 1905 '

204 1979 337 2054 Statim
368 1977 521 2072 quando
539 2002 664 2052 coecus
690 1991 823 2070 natus,
844 2004 867 2052 a
885 1983 1048 2054 Domino
1064 1979 1407 2072 illuminatus,fuit
1429 1991 1539 2054 extra
1554 1995 1672 2057 Jonas.

152 2097 387 2178 synagogam
416 2097 440 2144 a
464 2071 665 2150 Pharisaeis
699 2077 859 2172 ejectus,
885 2099 909 2150 a
933 2076 1097 2172 benigno
1128 2075 1292 2148 Domino
1318 2074 1409 2150 lesu
1438 2077 1539 2150 inter

150 2199 246 2256 suos
274 2169 401 2244 fideles
426 2183 598 2268 receptus
625 2183 691 2248 est
1162 2219 1163 2222 =

207 2269 306 2344 Cum
334 2279 458 2343 essent
483 2293 614 2342 ornnes
641 2267 816 2364 discipuli
842 2271 980 2366 pariter
1001 2279 1283 2367 perseverantes
1308 2266 1541 2342 unanimiter
1555 2279 1647 2332 Actor.
1661 2288 1699 2326 ιι.

152 2369 202 2446 in
224 2368 413 2460 oratione,
428 2367 535 2441 venit
563 2367 723 2463 Spiritus
751 2377 903 2440 sanctus
936 2369 980 2442 in
1006 2391 1087 2460 eos,
1103 2377 1141 2439 et
1165 2368 1267 2464 ipsos
1296 2361 1542 2436 inaestimabi-

153 2467 247 2544 liter
273 2464 465 2539 roboravit
497 2478 535 2538 et
564 2463 704 2538 docuit.

205 2559 266 2632 De
283 2559 475 2658 fidelibus,
493 2563 561 2659 qui
585 2571 692 2635 erant
718 2561 761 2634 in
790 2559 956 2635 Ecclesia
982 2560 1195 2658 primitiva,
1216 2555 1381 2630 dicitur:
1402 2553 1544 2662 Omnes
1559 2563 1671 2622 Eoum·

154 2658 231 2757 qui
242 2654 460 2752 credebant,
472 2673 581 2732 erant
595 2659 752 2755 pariter,
769 2669 806 2732 et
821 2657 1011 2732 habebant
1026 2657 1155 2732 omnia
1173 2653 1399 2732 communia.
1418 2652 1546 2746 Sequ1-

154 2765 251 2830 tur:
277 2755 481 2828 Sumebant
499 2757 626 2830 cibum
647 2781 734 2829 cum
751 2754 987 2829 exrdtatione
1004 2750 1298 2849 etsimplicitate
1318 2745 1458 2841 cordis,
1475 2743 1548 2818 col·

155 2847 357 2926 laudantes
380 2853 605 2943 Dominum,
624 2865 662 2926 et
687 2852 869 2927 habentes
897 2855 1057 2948 gratiam
1082 2852 1130 2924 ad
1161 2873 1311 2923 omnem
1340 2845 1497 2944 plebem.

208 2949 301 3022 Post
322 2947 608 3023 conversionem
638 2973 745 3021 suam
770 2949 905 3022 Saulus
924 2953 1085 3022 veniens
1110 2945 1407 3038 lerosolymam,
1423 2952 1548 3010 tenta-
1566 2937 1658 2991 Actor.
1670 2949 1698 3002 a

160 3045 231 3114 bat
256 3065 294 3108 sc
314 3044 470 3130 jungere
494 3045 710 3132 discipulis,
728 3057 765 3116 et
791 3071 921 3118 omnes
943 3043 1129 3116 timebant
1156 3051 1194 3113 et
1220 3037 1415 3132 fugiebant
1436 3059 1549 3126 eum,
1670 3045 1671 3050 ’

164 3155 249 3206 non
272 3127 462 3200 credentes
486 3131 587 3224 quod
603 3143 698 3201 esset
709 3131 915 3225 discipulus
931 3155 940 3198 ε
958 3135 1150 3203 Barnabas
1165 3156 1258 3208 vero
1273 3129 1551 3227 apprehensum

153 3227 279 3303 'illum
306 3221 419 3294 duxit
441 3225 488 3295 ad
510 3221 705 3319 Apostolos
737 3233 805 3294 etc.

219 3319 417 3411 Homines,
436 3321 504 3416 qui
526 3327 633 3394 erant
651 3341 738 3391 cum
754 3315 873 3390 Paulo
889 3317 932 3390 in
950 3320 1043 3396 navi
1058 3317 1288 3415 gravissimas
1303 3321 1552 3413 tempestatis,
1568 3311 1661 3386 &²⁰¹2
1675 3321 1718 3379 ²7·

168 3419 364 3494 occasione
383 3417 501 3513 ipsius
517 3413 645 3510 Pauli,
688 3439 775 3488 uem
799 3411 989 3488 habebant
1008 3439 1134 3490 secum
1153 3417 1196 3490 in
1215 3414 1376 3506 socium,
1395 3411 1554 3488 fuerunt

170 3539 303 3590 ornnes
351 3513 495 3590 salvati.
549 3511 646 3586 Nam
704 3510 775 3584 'xit
809 3508 844 3582 ei
871 3510 1036 3606 Angelus
1069 3509 1250 3588 Domini:
1270 3511 1366 3588 Ecce
1396 3506 1555 3586 donarit

169 3611 245 3688 tibi
274 3611 377 3686 Deus
407 3635 557 3708 omnes,
575 3610 644 3709 qui
669 3608 852 3704 navigant
881 3618 1017 3694 tecum.

552 3787 925 3880 TITULUS
979 3785 1183 3880 CLVII.

639 3967 825 4053 Societas
875 3965 1093 4082 malorum.

184 4101 413 4240 salubriter
435 4154 558 4233 exivit
583 4157 773 4235 Abraham
801 4158 847 4232 de
875 4156 1067 4252 Chaldaea,
1082 4155 1150 4232 ubi
1170 4164 1277 4231 erant
1295 4151 1469 4231 homines
1480 4171 1559 4226 con
1578 4164 1647 4222 aen.
1665 4177 1707 4214 u.

182 4257 288 4356 rupti
314 4253 523 4330 idololatria
538 4279 546 4328 ι
564 4255 666 4332 unde
689 4269 816 4352 postea
841 4280 910 4356 pro
938 4255 1013 4328 hoc
1039 4251 1220 4328 beneficio
1249 4254 1436 4328 Dominus
1463 4260 1576 4324 com·'
1646 4231 1690 4284 ²³·

184 4363 368 4531 praeeffip
398 4351 550 4428 dicens:
570 4355 654 4498 Ego
674 4354 878 4450 Dominus,
902 4353 971 4454 qui
1003 4350 1122 4430 eduxi
1149 4376 1220 4434 vos
1252 4349 1299 4429 de
1332 4351 1416 4428 liur
1449 4346 1562 4426 Chal-

1156 4549 1161 4556 ’
1266 4559 1341 4638 Οο
