4452 5462
700 323 844 411 Index
868 317 1064 400 omnium
1090 307 1386 397 materiarum,
1411 329 1501 414 quae
1521 300 1566 380 in
1584 295 1671 380 hoc
1696 327 1833 414 opere
1863 315 2036 392 contin.

682 433 2041 481 ’.ρ-Μ

681 542 916 617 Conscientia
936 539 1034 610 bona
1055 544 1093 606 et
1116 529 1222 604 mala.
1272 525 1328 602 55.

679 639 890 712 Consensus
921 629 1139 706 communis.
1184 627 1279 699 Vide

727 735 863 807 Unitas
883 744 951 804 etc.

681 829 843 900 Consilia
856 829 961 898 bona.
982 822 1061 893 lllis
1077 845 1154 894 non
1176 817 1331 912 obsequi

730 949 843 1017 quam
864 917 1126 1016 periculosum.
1153 912 1210 985 56.

686 1017 850 1089 Consilia
874 1015 978 1086 inala.
1006 1011 1063 1109 57.

684 1112 895 1182 Consolatio
920 1110 1068 1181 Divina.
1101 1106 1158 1203 59.

684 1206 911 1278 Constantia.
929 1201 1023 1275 Vide
1041 1198 1334 1274 Perseverantia.

685 1301 926 1374 Consuetudo
950 1297 1057 1370 mala.
1093 1297 1152 1369 61.

687 1395 962 1490 Contemplatio
977 1393 1221 1466 etillustratio
1233 1417 1333 1466 men·

733 1494 793 1564 tis.
820 1493 877 1564 62.

687 1587 871 1660 Convitia.
900 1587 995 1660 Vide
1018 1586 1172 1660 Derisio.

685 1679 875 1754 Correctio
896 1681 1071 1752 fraterna.
1099 1681 1158 1770 64.

687 1769 959 1838 &monem
983 1776 1078 1856 tegre
1091 1765 1261 1838 terentes.
1274 1765 1333 1839 68.

687 1859 894 1934 Credulitas
918 1859 1019 1931 falsa.
1037 1859 1131 1930 Vide
1156 1862 1334 1959 Suscipio·

687 1957 820 2030 Cultus
844 1969 881 2027 et
895 1955 1061 2029 adoratio
1082 1955 1160 2028 Dei.
1183 1956 1241 2054 69.

687 2051 890 2125 Curiositas
910 2050 1088 2124 humana.
1122 2077 1180 2148 71.

982 2235 1040 2320 D.

686 2415 893 2488 Daemones.
925 2409 1021 2484 Vide
1048 2409 1206 2508 Spiritus
1232 2409 1333 2483 mali.

687 2510 877 2588 Daemcnis
906 2509 1072 2581 tentatio.
1110 2505 1204 2578 Vide
1237 2507 1336 2578 Ten-

737 2608 829 2678 tatio
851 2607 1050 2678 Daeuionis.
1131 2601 1138 2610 ’
1163 2673 1169 2680 ,,

688 2699 758 2771 Dei
786 2701 1009 2773 Benedictio
1030 2699 1125 2772 Vide
1157 2697 1337 2772 Benedic-

739 2799 814 2882 tio,
836 2821 911 2888 qua
929 2796 1030 2868 Deus
1060 2809 1128 2867 etc.

691 2887 760 2957 Dei
791 2889 935 2958 bonitas
969 2914 1052 2972 erga
1083 2915 1169 2964 siros
1199 2915 1335 2959 servos.

742 2974 837 3042 Vide
864 2971 1014 3044 Bonitas
1039 2975 1107 3045 Dei
1133 2991 1200 3047 etc.

694 3069 764 3141 Dei
791 3067 914 3139 cultus
950 3081 987 3138 et
1022 3068 1196 3144 adoratio.
1242 3073 1337 3146 Vide

744 3163 876 3236 Cultus
899 3164 966 3235 Dei
988 3177 1062 3237 etc.
1091 3192 1093 3198 ·

683 3261 763 3342 ,Dei
782 3259 937 3331 dilectio.
973 3260 1068 3332 Vide
1088 3263 1244 3337 Dilectio
1258 3266 1336 3338 Dei.

466 3322 472 3335 ι
580 3405 585 3420 .
693 3356 761 3428 Dei
782 3357 847 3428 ira.
877 3353 971 3427 Vide
996 3358 1055 3426 Ira
1074 3359 1152 3430 Dei.

690 3451 761 3524 Dei
786 3451 930 3523 ludicia
961 3453 1115 3523 occulta.
1146 3453 1241 3527 Vide
1270 3455 1338 3529 Ju-

742 3547 837 3620 dicia
856 3549 923 3618 Dei
942 3560 1009 3618 etc.

692 3641 762 3716 Dei
777 3643 931 3738 justitia.
943 3641 1338 3721 VidePoena’Divmae.

689 3737 761 3809 Dei
775 3737 991 3812 maledictio.
1005 3739 1098 3811 Vide
1111 3741 1336 3838 MaledictiO,

743 3859 817 3924 qua
843 3833 941 3903 Deus
964 3841 1031 3905 ¹etc.

694 3926 763 3996 Dei
788 3927 1045 4001 nison‘cordia.

1080 3931 1174 4018 Vide
1198 3935 1336 4008 Miseri·

743 4017 866 4094 cordia
888 4019 966 4090 Dei.

1398 520 1775 694 Dei-uomnipotentia.
1820 526 1928 602 Vide
1950 533 2062 606 Mira-

1446 646 1467 692 c
1509 644 1541 691 a.

1398 718 1469 790 Dei
1502 730 1696 814 p1aecepta.
1733 723 1837 798 Vide
1871 725 2058 820 Praecepta

1447 814 1518 886 Dei
1536 827 1604 885 etc.

1401 913 1482 1081 Del)
1491 911 1699 1022 praesentia.
1737 917 1838 992 Vide
1861 920 2053 1016 presentia

1485 1035 1528 1081 e1.

1401 1109 1470 1180 Dei
1506 1105 1754 1201 providentia.
1793 1113 1891 1186 Vide
1921 1111 2049 1185 Provi-

1451 1199 1577 1278 dentia
1599 1203 1678 1276 Dei.

1403 1303 1471 1374 Dei
1487 1301 1654 1374 tentatio.
1672 1302 1766 1376 Vide
1787 1306 1957 1379 Tentatio
1978 1315 2041 1378 etc.

1403 1400 1472 1470 Dei
1494 1410 1617 1470 tunor.
1646 1397 1740 1471 Vide
1767 1404 1893 1476 Timor
1917 1399 1991 1470 Dei.

1404 1494 1592 1566 Detractio
1621 1506 1657 1565 et
1680 1497 1932 1570 maledicentia.
1978 1519 2031 1590 7²·

1403 1592 1551 1663 Densio
1581 1601 1614 1660 et
1644 1595 1804 1662 convitia
1833 1591 1885 1686 75.

1403 1687 1562 1757 Dilectio
1582 1685 1656 1755 Dei.
1680 1683 1737 1782 76.

1403 1781 1561 1852 Dilectio
1586 1780 1831 1852 inimicorum.
1856 1777 1911 1874 78.

1403 1875 1560 1948 Dilectio
1587 1878 1760 1971 proximi.
1787 1901 1842 1976 79.

1404 1974 1615 2062 Discordia,
1632 1974 1716 2048 lites
1735 1987 1770 2045 et
1794 1975 1893 2044 rixae.
1918 1965 1972 2041 83.

1402 2071 1595 2142 Discreti0.
1626 2069 1720 2142 Vide
1746 2067 1952 2147 Prudentia.

1401 2167 1608 2238 Doniinicae
1626 2167 1848 2240 observatio.
1858 2159 1951 2233 Vide
1962 2159 2039 2232 Fes-

1450 2275 1574 2334 torum
1605 2265 1829 2336 observatio.

1400 2359 1651 2432 Dominorum
1673 2359 1835 2432 officium
1866 2378 1947 2450 erga
1969 2377 2039 2423 see

1453 2481 1541 2540 voa,
1555 2468 1602 2621 eli
1609 2481 1803 2530 servorum
1823 2477 1906 2548 erga
1921 2447 2042 2520 Domi-

1453 2577 1532 2621 nos.
1557 2555 1614 2622 8..
2167 2607 2168 2613 .

1406 2646 1556 2716 Duritia
1583 2646 1715 2719 cordis.
1749 2645 1840 2720 Vide
1874 2641 2044 2714 Obstina·

1454 2741 1518 2812 tio.

1695 2919 1747 3004 E.

1407 3099 1586 3172 Ebrietas.
1611 3093 1709 3166 Vide
1735 3094 1840 3168 Gula.

1408 3196 1588 3290 Educatio
1616 3191 1831 3264 liberorum.
1862 3183 1957 3258 Vide
1977 3179 2044 3252 Pa-

1455 3302 1607 3364 rentum
1632 3285 1792 3360 officium
1821 3297 1888 3356 etc.

1408 3391 1559 3467 Electio.
1588 3385 1644 3484 87.
1955 3477 1958 3484 Ι

1407 3490 1666 3578 Eleemosynae
1693 3493 1844 3553 merces.
1977 3565 1984 3580 ⁸

1406 3583 1578 3656 Eruditio
1593 3579 1806 3652 liberorum.
1828 3573 1878 3645 Vi
1904 3599 1923 3643 e
1945 3564 2042 3638 Libe-

1454 3705 1582 3752 rorum
1606 3671 1776 3750 eruditio.

1406 3759 2042 3868 Exeniplurnbonumetmalum.69.

1404 3870 1695 3945 Exhortationes
1719 3865 1834 3936 bonae.
1856 3857 1946 3930 Vide
1957 3851 2044 3921 Ver-

1453 3967 1545 4036 bum
1570 3965 1639 4034 Dei
1661 3957 1913 4059 praedicatum.

1905 4109 1945 4183 F.
1968 4100 2046 4176 Fal-
