4502 5484
338 403 601 502 TITULUS
625 408 807 499 XXXV.
852 410 1071 498 Correctio
1102 410 1321 504 Fraterna'
1438 419 1497 536 67'
1564 471 1565 476 κ

144 635 411 713 fraudaverant
441 633 487 704 de
508 633 627 730 pretio
654 633 754 728 agri,
783 655 896 728 quem
918 631 1182 731 vendiderant,
1212 643 1248 708 et
1269 647 1412 732 partem
1442 635 1489 709 ad

143 731 253 830 pedes
280 721 540 824 Apostolorum
564 739 775 824 posuerant.

191 821 400 920 Stephanus
428 824 469 895 in
491 823 646 895 concilio
666 819 881 898 Judaeorum
896 825 1061 898 existens
1083 823 1303 898 confitenter
1318 829 1488 924 increpa·
1505 855 1565 910 Aes..
1589 871 1616 928 ς..

142 921 206 996 bat
224 943 308 1010 eos,
334 915 460 988 dicens
478 917 577 989 inter
591 927 746 988 caetera:
768 919 872 990 Dura
890 921 1033 994 cervice
1060 933 1098 992 et
1119 921 1388 993 incircumcisis
1402 931 1488 997 ‘cor-

144 1015 254 1088 dibus
269 1025 306 1084 et
325 1011 501 1102 auribus,
522 1035 591 1083 vos
611 1035 754 1104 semper
775 1011 927 1106 Spin'tui
947 1017 1080 1087 Sancto
1093 1016 1290 1108 resistitis,
1310 1017 1406 1088 sicut
1421 1042 1487 1110 pa·-

53 1179 58 1196 ,
142 1121 216 1184 tres
237 1106 377 1196 vestri,
396 1106 451 1264 ῆς
473 1117 510 1176 et
532 1129 610 1178 vos.
638 1101 759 1191 Quem
784 1106 1051 1202 prophetarum
1083 1132 1162 1181 non
1186 1111 1370 1203 persecuti
1397 1121 1486 1182 sunt

137 1207 142 1218 '
188 1215 266 1274 tres
290 1209 407 1274 vestri
1277 1237 1281 1240 ·

85 1295 98 1316 “
140 1229 331 1366 paPaulus
348 1291 500 1362 intuens
522 1283 696 1401 Elymum
719 1313 780 1365 ma
831 1318 891 1388 m,
914 1287 981 1390 qui
998 1293 1188 1367 nitebatur
1213 1287 1379 1369 'avertere
1401 1319 1488 1389 pro-
1505 1317 1594 1370 Actor.
1617 1315 1656 1367 ra

141 1387 335 1460 consulem
353 1410 374 1455 a
389 1383 481 1478 fide,
499 1385 597 1458 dixit
612 1384 688 1458 illi:
710 1389 742 1458 Ο
765 1413 873 1482 pene
895 1389 999 1461 omni
1018 1385 1124 1479 dolo,
1146 1401 1183 1460 et
1199 1389 1302 1460 omni
1319 1385 1486 1482 fallacia,

142 1483 200 1553 fili
222 1473 378 1571 diaboli,
406 1491 442 1552 et
471 1480 621 1554 inimice
650 1482 772 1554 omnis
797 1483 972 1579 justitiae,
1002 1507 1080 1555 non
1111 1481 1248 1556 desinis
1272 1483 1488 1557 subvertere

139 1575 223 1650 vias
246 1572 397 1646 Domini
420 1567 569 1647 rectas?

190 1670 377 1742 Simonem
388 1693 561 1764 magum,
598 1696 641 1748 ro
653 1669 752 1743 dono
762 1671 830 1743 Dei
843 1672 1039 1766 pecuniam
1050 1669 1264 1744 offerentem
1275 1671 1407 1746 Petrus
1418 1682 1489 1744 te'r·
1506 1669 1642 1750 retorsa.

165 1763 309 1836 ibiliter
321 1764 546 1858 increpavit,
568 1695 714 1840 dicens:
732 1766 894 1840 Pecunia
904 1778 970 1840 tua
981 1778 1104 1839 tecum
1121 1767 1169 1838 sit
1179 1765 1221 1836 in
1231 1764 1486 1860 perditionem.

192 1858 288 1931 Miro
307 1857 539 1930 discretionis
550 1859 678 1951 modo,
695 1859 835 1932 Paulus
845 1862 966 1956 arguit
978 1861 1161 1934 Romanos
1177 1882 1228 1931 ex
1238 1860 1436 1953 gentilibus
1453 1869 1490 1932 et
1507 1877 1583 1930 non.
1603 1872 1628 1922 a

145 1951 284 2024 Judoeis
296 1955 588 2048 conversos‚qui
601 1953 759 2049 superba
771 1957 1018 2027 commotione
1029 1955 1205 2032 volebant
1217 1979 1255 2026 se
1266 1954 1490 2028 alterutrum
1513 2009 1515 2018 .

145 2068 361 2140 supponere.
379 2045 551 2117 Ostendit
570 2059 696 2119 autem
712 2059 818 2118 utros
846 2071 893 2120 ue
916 2071 1084 2141 peccasse
1100 2059 1137 2118 et
1157 2048 1314 2141 gloriosa
1330 2049 1400 2120 Dei
1419 2048 1491 2120 mi-

148 2137 346 2210 sericordia
362 2136 538 2230 indigere.
562 2133 655 2211 Nam
672 2151 709 2211 et
727 2074 880 2236 gentiles
898 2141 988 2234 legis
1008 2140 1189 2214 naturalis
1209 2153 1246 2211 et
1263 2139 1384 2212 Iudaei
1402 2141 1492 2233 legis
1572 2139 1575 2146 '

146 2229 318 2298 Mosaicae
332 2227 483 2296 fuerant
490 2241 594 2300 trans
637 2258 788 2304 essores.
808 2233 959 2308 Causati
975 2259 1122 2322 sumus,
1134 2233 1258 2328 inquit
1270 2286 1280 2322 ‚
1291 2231 1440 2306 Iudaeos
1457 2243 1494 2303 et

148 2321 314 2406 Graecos,
332 2316 461 2406 idest,
484 2318 563 2389 Gen
584 2320 592 2333 ‘
610 2345 648 2389 es
668 2330 705 2389 et
723 2321 959 2388 circumcisos
978 2349 1106 2390 omnes
1122 2326 1192 2393 sub
1213 2339 1362 2414 peccato
1381 2349 1470 2396 esse.

197 2409 411 2483 Corinthios
432 2413 554 2502 arguit
576 2411 621 2481 de
637 2411 709 2481 hoc
726 2411 932 2504 praecipue,
947 2409 1049 2506 qnod
1065 2410 1237 2482 Christus
1257 2414 1361 2484 ineis
1377 2415 1497 2484 dividi
1517 2440 1540 2472 1·
1563 2420 1624 2472 Cor·
1647 2411 1671 2470 '5⁶

148 2503 370 2596 videbatur,
395 2499 562 2594 dicente,
584 2527 662 2575 uno
678 2528 690 2574 ι
709 2503 788 2594 Ego
810 2527 892 2572 sum
913 2504 1120 2596 Apollinis:
1141 2503 1233 2594 alio,
1256 2529 1323 2598 ego
1339 2503 1495 2596 Cepha,

149 2605 203 2675 ita
220 2599 330 2670 etiam
352 2598 441 2694 quia
469 2591 753 2672 dissimulabant
771 2595 871 2667 inter
891 2619 929 2666 se
951 2592 1232 2687 fornicatorem,
1261 2597 1327 2691 qni
1349 2598 1497 2670 tenebat

149 2717 350 2770 novercam
373 2715 488 2764 suam.

198 2793 293 2862 Item
310 2842 320 2880 ,
335 2787 424 2884 quia
440 2785 539 2882 apud
558 2786 725 2859 infideles
741 2781 884 2883 judices
909 2784 954 2857 de
983 2783 1221 2859 sacularibus
1243 2784 1398 2880 negotiis
1420 2781 1539 2858 liu-1·
1562 2789 1624 2851 cor,
1644 2791 1669 2842 ⁶³

176 2885 297 2955 abant.

151 2909 174 2982 g
199 2977 449 3074 Reprehendit
468 2977 615 3052 eosdem
636 2978 734 3049 circa
754 2974 999 3049 Eucharistiae
1026 2975 1285 3070 sumptionem.
1517 2996 1539 3029 ¹·
1562 2975 1624 3027 0⁰ss
1650 2992 1689 3026 ¹¹³

199 3075 248 3145 Et
271 3073 316 3142 de
339 3099 462 3145 errore
487 3074 584 3145 circa
599 3083 834 3143 mortuorum
860 3070 1167 3143 resurrectionem
1190 3093 1266 3166 cap.
1289 3068 1341 3140 15.
1425 3099 1432 3118 ν

201 3163 361 3235 Eosdem
377 3161 543 3260 increpat
561 3165 606 3236 de
633 3163 707 3235 hoc
728 3165 938 3258 praecipue,
966 3163 1078 3257 quod·
1091 3164 1146 3234 illi
1173 3165 1293 3235 multa
1325 3165 1452 3256 gravia
1475 3153 1538 3235 ‘as
1561 3161 1633 3214 ΕΘΝ
1649 3177 1690 3242 Ψ

154 3256 486 3359 pseudo-apostolis
507 3259 741 3334 sustinebant
747 3270 806 3351 ,et
820 3257 943 3352 ipsum
962 3281 1040 3328 non
1055 3254 1240 3328 habebant
1258 3258 1300 3326 in
1318 3266 1422 3326 tanta
1438 3281 1497 3326 re-

156 3351 325 3427 verentia
337 3403 347 3440 ,
361 3361 404 3422 ut
420 3351 610 3422 debebant.
634 3345 851 3442 sustinetis,
869 3351 1011 3447 inquit,
1035 3351 1064 3420 si
1084 3351 1168 3443 quis
1190 3349 1312 3419 vosin
1335 3350 1498 3420 servitu-

158 3459 234 3520 tem
255 3443 412 3538 redigit,
430 3442 461 3511 si
483 3443 567 3534 quis
585 3441 762 3532 devorat,
784 3447 816 3514 si
838 3446 921 3537 quis
944 3441 1099 3536 accipit,
1124 3453 1191 3511 etc.
1386 3442 1390 3452 '

208 3543 322 3630 Item,
343 3560 410 3630 ego
427 3533 540 3605 debui
557 3558 579 3603 a
594 3533 703 3608 vobis
715 3535 979 3624 commendari,
1000 3557 1078 3603 non
1094 3533 1195 3604 eni‘m
1217 3534 1344 3608 minus
1367 3530 1438 3601 seci
1454 3529 1500 3602 ab
1518 3553 1542 3588 2·
1566 3537 1628 3591 Cor·
1653 3555 1692 3590 ¹2·

161 3631 243 3724 his,
269 3632 445 3726 quisunt
468 3624 755 3724 supramodum
777 3627 953 3723 Apostoli.

211 3725 360 3798 Galatas
382 3723 514 3794 acriter
533 3715 570 3794 et
584 3719 775 3794 ferventer
792 3721 912 3814 arguit
928 3743 1039 3814 super
1053 3715 1147 3806 hoc,
1168 3716 1266 3812 quod
1286 3728 1369 3810 post
1380 3737 1502 3812 accep·
1518 3721 1604 3783 catat.
1622 3727 1646 3779 3.

160 3833 240 3898 tam
262 3818 458 3900 veritatem
476 3815 690 3912 Evangelii,
712 3815 887 3888 volebant
910 3814 956 3886 ad
976 3812 1291 3886 circumcisionem
1312 3823 1347 3882 et
1369 3811 1500 3906 legales

163 3913 438 3988 observationes
450 3911 599 3985 reverti·
613 3909 836 3982 Oinsensati
844 3910 914 4002 ,ait
924 3908 1096 4000 ,Galatae,
1108 3907 1192 4001 quis
1203 3931 1270 3980 vos
1279 3903 1501 3980 fascinavit?

212 4007 389 4082 Audierat
410 4006 608 4103 Apostolus
635 4003 816 4099 quosdam
836 4005 881 4078 de
900 4001 1288 4077 Thessalonicensibus
1313 4001 1543 4072 ambulares.
1563 4013 1649 4068 Thea
1670 4005 1695 4064 ta

164 4103 356 4199 inquiete,
373 4127 451 4178 non
462 4112 670 4202 operantes,
690 4097 753 4175 sed
768 4101 911 4176 curiose
929 4109 1086 4198 agentes.
1103 4095 1244 4171 Idcirco
1260 4097 1394 4192 corripi
1413 4095 1500 4170 tales

165 4195 370 4304 mandavit,
983 4289 1002 4360 I

1027 4313 1044 4360 2
