4502 5484
283 485 547 580 rmutus
572 487 708 578 xur.
747 489 876 580 sara
913 515 957 588 a
987 467 1190 581 victora
1371 495 1424 584 33

131 713 294 788 Mirabile
305 713 471 790 duellum
483 717 557 792 suit
567 721 666 792 inter
676 721 798 795 David
810 733 846 794 et
857 717 1007 792 Goliath
1020 718 1216 795 Gethaeum
1232 721 1426 818 gigantem.
1449 725 1605 791 1·1¹⁶s·¹r·
1693 807 1697 816 Ι

85 808 198 882 David
215 810 313 882 enim
333 837 427 906 puer
447 815 623 910 ineptus,
650 827 687 888 et
706 818 786 889 sine
801 816 1025 889 militaribus
1046 821 1181 910 armis,
1207 819 1285 914 ipse
1301 831 1427 891 autem

85 903 268 977 confidens
297 907 339 978 in
366 909 550 1000 Domine,
580 910 779 1004 praevaluit
809 913 987 984 adversus
1015 913 1197 1006 gigantem
1220 927 1427 1006 armatum,

82 997 212 1100 fortem
232 1013 269 1073 et
284 1017 482 1096 expertum
496 1017 557 1082 :et
573 1004 698 1076 hocin
709 1005 828 1078 funda
844 1019 880 1078 et
895 1006 1016 1099 lapide
1028 1061 1037 1097 ,
1049 1009 1090 1078 in
1101 1011 1253 1080 nomine
1263 1009 1427 1098 Domini.¹

129 1092 293 1169 Audiens
308 1097 449 1188 David,
469 1099 570 1193 quod
581 1099 792 1173 Amaleoitae
809 1099 1082 1174 succenderunt
1097 1097 1253 1196 siceleg,
1264 1117 1300 1174 et
1312 1105 1429 1198 capti·
1450 1130 1474 1164 ι·
1487 1115 1549 1180 neg.
1564 1110 1607 1162 ³⁰·

81 1211 147 1259 vas
157 1189 352 1266 duxerunt
369 1193 558 1283 mulieres,
571 1193 760 1267 consuluit
774 1198 995 1285 Dominum,
1005 1206 1136 1266 utrum
1147 1194 1296 1268 deberet
1307 1221 1431 1290 perse-

81 1285 147 1376 qui
172 1284 405 1382 latrunculos
427 1286 521 1358 illos.
547 1289 730 1383 Dixitque
752 1291 787 1363 ei
804 1289 1004 1378 Dominus,
1025 1311 1267 1384 persequere,
1287 1304 1323 1362 et
1344 1315 1432 1362 cum

79 1378 395 1480 quandringentis'
409 1383 503 1456 viris
522 1382 721 1458 debellavit
737 1412 817 1477 eos,
832 1397 869 1456 et
888 1383 1051 1478 praedam
1069 1385 1251 1478 integram
1267 1385 1443 1457 reduxit·

126 1474 215 1546 Post
230 1477 367 1547 multas
386 1481 660 1571 persecutiones
675 1480 847 1577 iniquas,
863 1502 956 1574 quas
972 1479 1059 1550 Saul
1080 1480 1282 1552 commovit
1297 1482 1337 1554 in
1354 1482 1434 1550 Da-
1453 1489 1476 1522 ¹·
1491 1472 1553 1539 ³⁰8·
1569 1469 1609 1520 ³¹·

77 1566 160 1658 vid,
176 1570 357 1644 Philistaei
366 1585 631 1669 pugnaverunt
649 1575 828 1649 adversus
847 1599 955 1663 eum,
969 1585 1166 1670 totumque
1187 1575 1334 1668 pondus
1344 1599 1436 1671 prae·

77 1657 120 1770 lii
137 1691 288 1739 versum
315 1681 371 1742 est
399 1671 441 1741 in
452 1669 556 1762 Saul,
579 1672 658 1765 ipse
678 1697 770 1748 vero
786 1671 969 1766 accipiens
992 1667 1175 1766 gladium,
1195 1695 1245 1740 ex
1262 1671 1435 1767 despera·

77 1769 201 1852 tione,
225 1764 337 1836 irruit
365 1766 407 1837 in
429 1789 531 1838 eum.
562 1771 734 1840 Mortuus
757 1779 813 1840 est
843 1790 930 1862 ergo
966 1765 1055 1839 Saul
1085 1777 1123 1837 et
1139 1777 1215 1838 tres
1237 1764 1308 1838 filii
1330 1769 1434 1862 ejus,

77 1866 116 1925 et
137 1859 309 1930 universi
328 1861 404 1934 viri
424 1863 517 1957 ejus.

127 1951 284 2025 Crudele
310 1955 450 2028 bellurn
470 1955 548 2028 fuit
576 1959 677 2031 inter
708 1985 761 2032 12.
786 1983 923 2053 pueros
949 1959 1089 2049 David,
1109 1968 1146 2029 et
1182 1981 1235 2028 12.
1259 1981 1310 2029 ex
1332 1968 1436 2052 parte
1453 1982 1478 2018 2·
1492 1968 1554 2036 aeg.
1571 1980 1596 2015 2·

74 2045 248 2120 Isboseth
274 2047 343 2121 filii
360 2052 469 2140 Saul,
492 2053 643 2146 quando
665 2065 801 2125 mutuo
824 2079 862 2124 se
890 2052 1118 2125 occiderunt.

126 2141 339 2212 Audierunt
356 2143 554 2235 Philistaei,
577 2146 679 2239 quod
696 2146 819 2220 David
837 2160 976 2220 unctus
1003 2159 1099 2221 esset
1117 2146 1158 2216 in
1181 2169 1305 2242 regem
1325 2171 1436 2240 super
1455 2160 1480 2195 ²·
1495 2144 1558 2206 ¹³⁰8·
1573 2139 1598 2193 5.

74 2232 214 2320 Isra'el,
226 2245 264 2298 et
277 2233 526 2302 ascenderunt
543 2240 713 2309 universi
734 2253 779 2309 ut
805 2255 1017 2327 quaererent
1033 2265 1131 2312 eum.
1154 2241 1231 2328 Qui
1247 2241 1437 2312 consuluit
1489 2208 1552 2260 Μ’

75 2325 304 2412 Dominum,
319 2337 356 2394 et
374 2325 557 2416 percussit
575 2349 647 2397 eos.
659 2325 743 2398 Alia
759 2327 844 2398 vice
860 2328 993 2397 accidit
1012 2335 1047 2398 ei
1059 2333 1192 2398 simile:
1204 2335 1339 2400 Postea
1353 2357 1438 2420 pen-

75 2419 197 2489 cussit
212 2419 350 2488 iterum
361 2415 591 2507 Philistaeos,
607 2429 645 2488 et
661 2420 749 2490 tulit
764 2419 933 2491 fraenum
952 2421 1086 2492 tributi
1102 2419 1148 2492 de
1167 2446 1286 2492 manu
1298 2425 1437 2492 'eorum

73 2513 173 2586 Item
208 2513 390 2608 percussit
409 2511 536 2604 Moab,
556 2523 592 2582 et
614 2509 737 2584 factus
755 2524 812 2583 est
834 2513 868 2584 ei
889 2514 1056 2584 servieus
1080 2515 1150 2584 sub
1178 2515 1332 2584 tributo.
1356 2515 1440 2584 Ser

72 2609 380 2703 vavitque'Deus
398 2603 522 2678 David
539 2607 580 2678 in
606 2607 804 2698 omnibus,
831 2607 876 2678 ad
894 2631 1129 2703 quaecunque
1141 2605 1331 2702 profectus
1348 2621 1414 2679 est.

128 2703 271 2775 Videas
294 2703 408 2796 Joab,
432 2702 533 2798 quod
564 2714 814 2799 praeparatum
840 2715 936 2775 esset
958 2702 1160 2776 adversum
1181 2728 1219 2774 se
1245 2700 1618 2796 praelium,2·1tes·¹0·

74 2811 118 2872 et
139 2825 191 2871 ex
211 2797 391 2892 adverso,
408 2811 545 2894 etpost
565 2810 714 2894 tergum
736 2797 836 2870 dixit
851 2799 978 2869 Abisai
993 2797 1102 2870 fratri
1119 2822 1214 2868 suo:
1239 2798 1277 2869 Si
1320 2821 1441 2872 raeva-

72 2895 222 2967 luerint
245 2895 447 2969 adversum
469 2919 529 2966 me
549 2895 659 2991 Syri,
681 2895 753 2968 eris
776 2891 872 2966 mihi
892 2893 1052 2988 adjutor.
1072 2894 1110 2965 Si
1127 2906 1254 2964 autem
1311 2893 1339 2962 ii
1351 2894 1442 2965 Arn-

71 3014 173 3065 mon
189 2991 457 3086 praevaluerint
484 2989 685 3063 adversum
715 3001 775 3080 te,
797 2989 1010 3062 auxiliabor
1026 2989 1098 3062 tibi
1113 3013 1120 3056 :
1133 2989 1224 3060 Esto
1238 2988 1300 3062 vir
1312 2984 1441 3079 fortis,
1478 3049 1480 3054 ,

71 3097 117 3157 et
139 3110 351 3180 pugnemus
382 3111 452 3180 pro
473 3085 611 3182 populo
641 3098 771 3158 nostro
789 3139 799 3176 ,
817 3096 854 3156 et
879 3084 1031 3158 civitate
1061 3083 1131 3154 Dei
1153 3085 1283 3156 nostri.
1312 3083 1443 3154 Domi-

70 3205 158 3253 nus
182 3190 308 3248 autem
330 3179 462 3273 faciet,
491 3177 592 3277 quod
615 3181 759 3252 bonum
789 3181 909 3252 estin
931 3187 1134 3275 conspectu
1158 3203 1226 3250 suo
1253 3189 1319 3250 etc.
1343 3179 1443 3249 lnito

69 3272 213 3374 praelio
239 3270 418 3366 fugerunt
431 3281 568 3346 'omnes
592 3275 805 3348 adversarii.
934 3289 935 3294 ’
1661 3335 1669 3350 .

131 3365 281 3438 Bellum
297 3363 543 3438 inhonestum
563 3367 747 3442 habuerat
762 3369 926 3443 Absalon
938 3381 1068 3442 contra
1079 3380 1221 3464 patrem
1235 3391 1348 3446 suum
1367 3367 1443 3436 Da·
1462 3389 1486 3424 ²·
1500 3375 1563 3441 neg.
1581 3372 1622 3424 ¹⁸·

70 3461 169 3553 vid,
186 3473 223 3534 et
234 3459 330 3533 male
342 3469 520 3532 successit
536 3462 589 3550 ei,
608 3473 646 3532 et
667 3463 828 3556 populo,
874 3465 915 3534 ui
933 3463 1053 3535 eidem
1068 3461 1225 3532 adhaesit
1249 3487 1256 3527 :
1285 3472 1330 3530 ut
1349 3461 1443 3529 scias

70 3555 270 3657 populum
288 3581 367 3627 non
383 3579 490 3651 posse
506 3553 699 3650 prolicere,
719 3558 836 3650 quim
875 3584 898 3627 ο
914 3557 1033 3651 princi
1059 3555 1235 3647 iinjuste¹
1247 3553 1442 3622 consentit.
1665 3623 1669 3634 ,

134 3649 312 3722 Benadab
334 3675 406 3722 rex
434 3651 554 3746 Syriae
576 3673 662 3722 cum
686 3649 743 3720 32.
762 3649 911 3744 regibus
944 3649 1024 3719 obsi
1051 3649 1136 3718 ebat
1162 3647 1387 3736 Samariam,
1406 3659 1443 3718 et
1462 3649 1487 3702 ³·
1504 3649 1630 3716 liet-²⁰·¹

69 3749 215 3824 victus
239 3741 335 3838 fuit,
354 3757 391 3816 et
409 3744 560 3854 fugatus
575 3743 622 3816 ad
636 3758 863 3842 praeceptum
884 3744 1061 3837 Domini,
1078 3742 1331 3852 pugnantibus
1355 3765 1444 3812 con-

71 3857 151 3918 tna
184 3863 312 3910 eorum
345 3851 553 3914 exerc1tum
580 3853 730 3914 tantum
760 3843 886 3938 pueris
906 3839 1119 3936 principum
1166 3859 1443 3930 rovrncrarum,

71 3935 160 4036 qui
178 3945 284 4006 erant
300 3935 379 4007 232.
408 3937 585 4031 Sequenti
611 3962 711 4009 anno
737 3936 844 4011 venit
867 3939 1007 4009 iterum
1027 3937 1127 4006 Bena
1153 3933 1200 4002 ab
1209 3957 1305 4020 ,curn
1321 3932 1446 4003 maxi-

70 4057 155 4110 mo
172 4032 365 4122 exercitu,
386 4046 423 4105 et
449 4031 663 4104 ceciderunt
683 4043 834 4104 centum
856 4031 974 4104 millia
999 4029 1168 4126 peditum
1195 4025 1240 4099 de
1271 4027 1376 4124 Syris
1403 4027 1446 4097 in

71 4129 152 4202 die
181 4147 281 4215 una,
304 4153 370 4221 pro
390 4153 452 4223 eo,
475 4127 576 4223 quod
602 4127 799 4222 dixerant,
819 4127 921 4200 Deus
947 4137 1002 4197 est
1024 4124 1211 4198 montium
1234 4123 1443 4214 Dominus,

73 4235 123 4298 ct
155 4243 234 4292 non
257 4233 312 4292 est
335 4223 440 4294 Deus
455 4223 623 4296 vallium.

43 4323 53 4342 ⁸
136 4313 241 4435 Cum
261 4329 386 4394 essent
405 4319 614 4416 congregati
632 4343 706 4400 rex
723 4319 821 4396 Juda
836 4329 873 4394 et
887 4343 959 4482 rpx
974 4317 1089 4393 Israel
1107 4327 1144 4393 et
1157 4339 1229 4392 rex
1245 4313 1382 4407 Edam,
1401 4322 1445 4385 ut
1462 4317 1488 4385 t·
1503 4319 1564 4386 Res·
1580 4318 1604 4368 ³·
1688 4405 1692 4410 ι

194 4451 211 4488 0
