4498 5462
405 411 674 505 TITULUS
716 409 952 506 LXXVlll.
998 413 1064 506 lra
1107 419 1210 509 Dei.
1391 429 1466 532 145

118 541 1460 584 *mm-*um*

157 643 285 714 iratus
321 649 379 712 est
417 638 601 714 Dominus
635 639 846 736 Salomoni,
874 641 1045 740 eoquod
1075 669 1206 722 aversa
1239 655 1335 722 esset
1364 667 1471 719 mens
1490 675 1516 731 3,
1531 675 1595 743 aeg.
1609 686 1650 726 u.

114 739 198 836 ejus
227 760 251 807 a
275 733 448 808 Domino.

155 833 285 906 Iratus
307 841 362 904 est
381 829 490 904 furor
510 832 664 904 Domini
686 844 816 906 contra
836 831 971 929 lsrael,
988 845 1025 909 et
1040 836 1195 912 tradidit
1213 863 1275 911 eos
1294 839 1336 910 in
1355 847 1471 910 manu
1491 863 1517 933 4.
1533 864 1595 931 seg.
1610 857 1650 910 ss.

92 926 284 1024 ¹Hanaelis
313 927 410 1022 regis
431 925 565 1024 Syriae,
580 939 622 1026 et
640 925 712 998 hoc
736 941 887 1021 proptor
904 944 1097 1027 peccatum
1123 931 1363 1026 idololatriae,
1383 933 1473 1029 quia

110 1019 321 1096 adorabant
343 1020 501 1111 vitulos,
520 1045 614 1116 quos
639 1019 776 1093 fecerat
803 955 1008 1098 lemboam.

159 1116 319 1190 Addidit
337 1115 444 1187 furor
458 1115 611 1186 Domini
632 1115 742 1188 irasci
761 1129 891 1189 contra
911 1120 1044 1212 Isra’dl‚
1057 1103 1334 1218 commovitqne
1351 1117 1475 1194 David
1493 1157 1518 1195 2.
1533 1137 1595 1208 neg.
1611 1136 1653 1204 24.
1786 1185 1792 1194 .

58 1238 61 1246 ¹
111 1214 155 1284 in
178 1214 233 1284 eis
257 1210 443 1282 dicentem
461 1207 507 1278 ad
523 1207 662 1282 Jacob:
686 1208 806 1300 Vade,
827 1236 985 1284 numera
1002 1215 1117 1288 lsrail
1139 1229 1176 1288 et
1198 1217 1357 1308 ludam,
1381 1229 1450 1288 etc.

165 1307 258 1376 Post
279 1301 547 1392 idololatriam,
565 1317 602 1376 ot
620 1307 796 1399 auguria,
816 1317 853 1377 et
873 1307 944 1378 ah'a
958 1321 1108 1403 peccata
1129 1309 1278 1386 diversa
1303 1311 1477 1384 irritavc-
1494 1343 1520 1412 4,
1532 1344 1597 1408 neg.
1613 1354 1654 1406 ¹7·

114 1410 209 1472 runt
237 1398 440 1470 Dominum
469 1395 918 1496 filiilsrai5121ratusque
944 1413 1000 1475 est
1022 1404 1206 1478 Dominus
1235 1403 1478 1480 vehementer
1587 1427 1596 1440 ’

115 1493 269 1582 Israeli,
293 1504 331 1565 et
356 1492 508 1564 abstulit
530 1517 591 1565 eos
604 1493 661 1565 'de
683 1505 884 1591 conspeetu
910 1523 989 1569 suo.
1100 1527 1106 1538 ¹
1673 1535 1675 1540 ·
1727 1536 1730 1542 ·

167 1588 354 1683 Propheta
375 1585 475 1658 Jehu
496 1585 594 1659 dixit
613 1587 792 1682 iosaphat
813 1591 891 1684 regi
913 1590 1029 1684 Juda,
1051 1593 1118 1688 qui
1139 1603 1294 1668 venerat
1315 1594 1362 1666 ad
1382 1616 1478 1688 pras-
1495 1634 1520 1670 ι.
1533 1609 1618 1667 anst
1632 1625 1673 1678 ις.

114 1679 208 1754 lium
235 1705 323 1753 cum
341 1679 469 1752 Achab
489 1704 574 1775 rege
593 1681 861 1779 Israel:1mpi0
879 1685 1021 1780 praebes
1041 1687 1246 1780 auxilium,
1261 1700 1299 1760 et
1320 1689 1386 1779 iis,
1410 1687 1478 1796 qui

114 1776 278 1848 oderunt
308 1776 509 1847 Dominum
525 1829 535 1868 ,
549 1777 730 1850 ‘amicitia
754 1781 940 1876 jungeris,
968 1793 1005 1850 et
1033 1781 1172 1854 idcirco
1198 1784 1294 1856 iram
1324 1781 1478 1858 Domini

65 1924 69 1934 .
119 1868 338 1957 merebaris,
358 1867 422 1940 sed
442 1870 541 1940 bona
556 1879 667 1978 opera
689 1871 847 1943 inventa
867 1885 957 1942 sunt
977 1875 1019 1943 in
1045 1885 1093 1945 te.

169 1962 255 2036 Joas
271 1985 341 2034 rex
356 1961 470 2053 luda,
480 1974 518 2033 et
531 1964 718 2057 principes
737 1967 818 2058 ejus
834 1965 1050 2039 servierunt
1063 1966 1159 2038 lucis
1175 1977 1212 2039 et
1230 1967 1484 2062 sculptilibus,
1497 2008 1523 2046 a.
1541 1993 1600 2043 ru.
1616 1986 1667 2054 24,
1770 2053 1773 2058 ‚

115 2067 160 2130 et
185 2055 285 2130 facta
311 2067 367 2127 est
393 2055 451 2127 ira
470 2055 623 2127 Domini
650 2068 781 2130 contra
797 2056 934 2130 ludam
951 2069 1103 2154 propter
1125 2072 1321 2155 peccatum
1347 2059 1431 2130 boc.

171 2149 339 2236 Amasias
361 2173 433 2221 rex
448 2148 563 2237 luda,
586 2149 718 2222 divino
746 2151 867 2223 fretus
891 2149 1055 2241 auxilio,
1073 2151 1259 2226 ldumaeos
1287 2155 1482 2249 superavit
1500 2189 1527 2226 a·
1540 2171 1599 2223 aar.
1618 2167 1661 2222 at.

121 2246 168 2320 in
197 2241 313 2335 bello,
340 2249 377 2313 et
406 2240 533 2312 attulit
564 2243 661 2311 Deos
695 2267 840 2332 eorum,
863 2255 900 2312 et
933 2243 1103 2318 adoravit
1128 2273 1212 2340 eos,
1238 2249 1484 2346 quamobrem

122 2341 245 2414 iratus
262 2349 318 2409 est
343 2335 527 2410 Dominus
549 2345 681 2407 contra
703 2359 799 2407 eum.

144 2431 147 2438 ’
174 2429 354 2504 Ezechias
376 2456 455 2504 non
473 2433 585 2525 juxta
604 2427 799 2522 beneficia,
822 2451 907 2526 quae
929 2441 1117 2526 acceperat
1138 2453 1161 2502 a
1180 2429 1363 2524 Domino,
1377 2434 1487 2508 retri-
1505 2456 1532 2498 2·
1544 2437 1628 2492 Paul·
1640 2435 1681 2486 ³²·

123 2529 227 2621 buit,
243 2527 333 2624 quia
358 2526 543 2599 elevatum
568 2535 625 2600 est
641 2547 707 2596 cor
728 2527 828 2620 ejus,
844 2535 881 2595 et
900 2519 999 2596 facta
1019 2536 1075 2597 est
1091 2527 1148 2598 ira
1169 2541 1299 2602 contra
1320 2551 1426 2620 eum,
1449 2537 1488 2600 et

125 2633 258 2696 contra
284 2619 499 2696 Jerusalem.
1115 2633 1120 2642 ·

176 2721 332 2814 Magnus
351 2717 460 2789 furor
479 2716 633 2789 Domini
649 2709 805 2808 stillavit
828 2735 940 2810 super
966 2739 1050 2810 vos,
1074 2740 1118 2788 eo
1140 2713 1240 2814 quod
1261 2739 1339 2790 non
1359 2725 1486 2788 custo-
1506 2745 1532 2782 α.
1544 2722 1682 2790 man·

125 2812 280 2886 dierunt
293 2823 415 2909 patres
427 2813 544 2884 v'estri
553 2810 672 2887 verba
689 2809 861 2902 Domini,
879 2808 978 2882 dixit
998 2810 1116 2884 Josias
1133 2837 1204 2884 rex
1221 2812 1244 2882 J
1247 2810 1335 2904 uda,
1351 2809 1487 2883 auditis

128 2910 270 3000 verbis,
286 2933 371 3073 pua²
393 2907 529 3002 scripta
555 2916 663 2978 erant
681 2907 726 2976 in
747 2905 845 2976 libro
870 2903 971 2995 legis.

178 3005 291 3075 Come
317 3012 429 3074 erunt
455 3013 493 3070 et
514 3010 671 3072 saturati
694 3009 802 3091 sunt,
818 3009 856 3069 et
878 2999 1116 3092 1mp1nguati,
1132 3011 1169 3072 et
1198 2999 1487 3077 abundaverunt
1507 3030 1533 3066 α.
1547 3009 1608 3067 mu.
1625 3027 1651 3079 9.

131 3095 366 3258 lllddlidilld
377 3095 427 3162 'in
446 3093 612 3163 bonitate
633 3103 702 3162 tua
727 3115 882 3186 magna,
903 3105 1204 3186 provocaverunt
1226 3108 1352 3170 autem
1377 3108 1415 3168 te
1441 3093 1489 3166 ad

186 3277 324 3350 Omnia
341 3273 546 3346 secundbm
559 3276 631 3347 Dei
649 3273 768 3368 legem
785 3273 881 3348 fiant
904 3276 982 3346 Deo
1000 3275 1195 3365 altissimo,
1211 3299 1259 3347 ne
1275 3261 1374 3347 forte
1392 3275 1491 3345 iras·-
1513 3293 1538 3330 ¹·
1551 3275 1612 3330 ΕΛ·
1628 3291 1652 3344 a·

138 3385 247 3446 catur
273 3380 404 3443 contra
429 3391 585 3462 regnum
605 3371 704 3461 regis
729 3380 766 3440 et
786 3369 952 3442 filiorum
978 3374 1070 3464 ejus.
1099 3373 1157 3442 tta
1181 3370 1356 3464 praeo'epit
1381 3369 1492 3440 Arta-

139 3460 498 3632 lebllltllddllsds
520 3551 566 3625 ad
581 3551 738 3647 Eliphaz
754 3551 1032 3625 Themanitem:
1047 3555 1171 3626 iratus
1190 3565 1245 3625 est
1266 3553 1374 3625 furor
1388 3576 1494 3625 meus
1513 3571 1580 3644 rob,
1590 3568 1631 3636 42.

144 3657 256 3744 inte,
276 3664 313 3724 et
334 3654 376 3724 in
398 3648 492 3724 duos
521 3649 659 3724 amicos
681 3659 790 3742 tuos,
819 3647 995 3744 quoniam
1017 3671 1095 3720 non
1118 3647 1206 3719 estis
1231 3647 1348 3720 locuti
1370 3670 1493 3718 coram

142 3773 204 3824 me
233 3759 388 3820 rectum.
894 3791 899 3802 .

194 3841 248 3912 De
263 3840 456 3938 Babylone
470 3837 626 3912 dicitur:
640 3839 734 3910 Ecce
750 3840 820 3910 erit
841 3837 1045 3911 novissima
1063 3836 1105 3910 in
1126 3837 1298 3933 gentibus
1321 3847 1358 3909 et
1373 3833 1498 3912 deser·v
1513 3859 1609 3912 serem.
1630 3851 1673 3918 to,
1734 3833 1740 3842 ’

144 3949 212 4029 ta,
237 3937 280 4008 in
305 3936 393 4027 via,
421 3945 457 4006 et
483 3958 591 4007 arens
613 3936 661 4006 ab
680 3933 736 4004 ira
750 3933 920 4027 Domini,
942 3957 1020 4006 non
1045 3931 1297 4027 habitabitur,
1320 3929 1384 4004 sed
1415 3943 1494 4004 tota

144 4029 333 4126 redigetur
353 4032 394 4104 in
421 4028 669 4101 solitudinem.
777 4079 781 4098 .
1413 4101 1418 4110 Ι

197 4124 430 4197 Machabaeus
453 4122 584 4216 ludas,
600 4135 818 4218 congregata
835 4121 1094 4215 multitudine,
1109 4121 1351 4196 intolerabilis
1374 4119 1495 4218 genti·
1515 4131 1602 4188 met.
1619 4131 1645 4183 b

147 4218 222 4294 bus
245 4218 477 4294 efficiebatur.
499 4221 561 4292 Ira
577 4219 677 4292 enim
695 4218 846 4292 Domini
868 4219 910 4294 in
935 4217 1224 4294 misericordiam
1249 4242 1359 4294 versa
1380 4230 1445 4292 est.
1537 4271 1544 4286 ,

1043 4313 1076 4398 Τ
