4452 5462
717 495 826 607 293.
896 441 902 452 ’
1078 471 1342 566 mausus
1380 469 1526 558 cmu
1575 460 1801 579 superba.

717 595 2094 646 Μ

688 725 692 734 ’
724 709 1012 807 exterminaret,
1046 710 1117 780 eti
1145 733 1183 779 se
1210 705 1310 778 solus
1339 703 1440 776 Deus
1469 695 1655 778 diceretur
1685 685 1732 758 ab
1761 684 1827 758 his
1855 691 2124 792 regionibus,

726 835 810 910 quae
829 808 1038 906 potuissent
1063 733 1275 878 Holofernis
1296 795 1472 898 potestati
1494 783 1699 884 subJugari.

532 919 642 978 nahe.
777 905 918 980 Videns
937 903 1120 999 superbus
1138 901 1282 990 Amen,
1305 893 1405 994 quod
1423 883 1681 984 Mardochaeus
1699 881 1826 976 ipsum
1847 882 2011 962 adorare
2039 911 2117 966 no-;

728 1005 847 1092 lebat,
873 1003 988 1074 suasit
1009 1000 1110 1094 regi,
1137 1007 1181 1069 ut
1197 1008 1299 1069 totus
1320 991 1537 1064 Jurlaeorum
1556 975 1718 1078 populus
1741 975 1939 1054 deleretur.

515 1111 611 1178 mu.
625 1119 652 1174 5.
779 1102 899 1176 Aman
912 1093 1199 1192 superbissimus
1221 1091 1369 1166 volebat
1387 1107 1512 1157 coram
1528 1101 1681 1180 segeno
1697 1073 1824 1166 flecti,
1849 1089 1886 1148 et
1907 1079 1952 1149 ab
1973 1078 2114 1154 horni-

733 1197 846 1271 nibus
873 1192 1029 1266 adorari.
1068 1189 1138 1261 Sed
1156 1186 1319 1260 notabile
1346 1195 1419 1274 est,
1449 1173 1551 1276 quod
1571 1173 1636 1245 illa
1659 1171 1834 1266 superbia
1858 1184 1915 1245 tot
1937 1175 2042 1248 mala
2067 1179 2113 1248 in

737 1295 856 1388 seipso
871 1289 1063 1379 cassavit,
1084 1297 1128 1357 ut
1156 1285 1275 1356 iratus
1293 1293 1335 1362 et
1353 1278 1570 1372 indignatus
1586 1269 1790 1360 existeret,
1809 1280 1846 1340 et
1863 1273 1994 1344 omnia
2016 1273 2110 1365 alia,

738 1413 822 1488 quae
840 1386 1023 1477 habebat,
1049 1382 1157 1478 quasi
1178 1377 1276 1452 nihil
1297 1382 1496 1474 reputaret.

545 1514 596 1563 na.
614 1507 641 1558 a.
787 1486 898 1579 Signa
925 1479 1107 1554 surerbiae
1140 1478 1347 1549 detestatur
1375 1468 1558 1544 Dominus
1581 1485 1649 1558 per
1668 1460 1805 1532 isaiam
1813 1514 1823 1553 ,
1849 1460 2006 1535 dicens:
2032 1467 2112 1538 Pro

551 1589 553 1594 ’
739 1608 806 1673 eo,
831 1579 930 1676 quod
953 1589 1107 1654 eevatae
1123 1585 1215 1648 sunt
1231 1563 1401 1669 superbae
1421 1565 1509 1640 filiae
1525 1559 1637 1653 Sion,
1658 1569 1696 1630 ct
1710 1557 1993 1630 ambulaverunt
2006 1560 2114 1632 collo

739 1689 896 1750 extenso
919 1687 987 1748 etc.

546 1801 596 1851 lu.
617 1795 658 1861 ut.
789 1774 845 1844 De
873 1770 1216 1841 Nabuchodonosor
1244 1761 1467 1856 intelligitur
1491 1755 1538 1827 ad
1564 1752 1704 1825 literam
1727 1747 1820 1821 illud
1839 1747 1945 1819 lsaiae
1966 1774 1977 1815 ·.
1996 1748 2120 1822 Cun-·

745 1863 918 1942 scandam
945 1865 987 1936 in
1009 1861 1165 1953 coelum,
1192 1860 1336 1934 dicebat
1362 1869 1430 1927 etc.
1452 1856 1528 1925 Ero
1554 1848 1684 1921 similis
1705 1845 1890 1918 altissimo.

549 1977 598 2025 1³⁸·
614 1970 654 2021 ¹⁰·
755 1984 761 1994 ’
792 1964 847 2035 De
869 1961 978 2033 Moab
1004 1958 1143 2030 dicitur
1168 1981 1177 2027 ι
1204 1952 1430 2028 Audivimus
1453 1945 1663 2043 superbiam
1690 1943 1820 2034 Moab,
1846 1941 2030 2036 superbus
2050 1951 2110 2012 cst

745 2058 877 2151 valde,
900 2055 1073 2152 superbia
1088 2056 1170 2150 ejus
1187 2065 1226 2126 ct
1238 2047 1449 2144 arrogantia
1469 2047 1571 2141 ejus,
1593 2053 1630 2113 et
1652 2038 1860 2136 indignatio
1882 2041 1987 2136 ejus,
2011 2037 2108 2133 plus·

464 2243 466 2250 ,
744 2181 857 2254 quam
884 2150 1066 2226 tortitudo
1087 2152 1180 2247 ejus.

552 2265 623 2316 nas.
636 2259 662 2314 ⁵·
798 2251 986 2341 Quoniam
1007 2248 1196 2322 elevatum
1222 2244 1297 2318 fuit
1315 2267 1378 2316 cor
1397 2235 1746 2318 Nabuchodonosor
1768 2235 1865 2330 regis
1885 2229 2108 2330 babylonis,

684 2407 689 2414 -
751 2362 788 2422 et
810 2348 964 2444 spiritus
995 2343 1098 2418 illius
1120 2341 1326 2416 obduratus
1355 2349 1412 2412 est
1439 2337 1486 2410 ad
1511 2333 1749 2431 superbiam,
1777 2330 1969 2428 depositus
1994 2341 2047 2399 est
2064 2324 2111 2396 de

754 2445 848 2518 solio
873 2469 941 2517 suo
973 2455 1010 2516 et
1058 2440 1154 2515 loris
1178 2441 1260 2537 ejus
1283 2437 1405 2510 ablata
1429 2445 1495 2506 est.
1669 2439 1675 2452 '

555 2551 665 2606 Eodem·
800 2541 995 2616 Balthasar
1015 2468 1116 2610 filius
1132 2531 1475 2609 Nabuchodonosor
1493 2554 1563 2603 rex
1579 2526 1785 2626 Babylonis
1798 2549 1875 2598 non
1898 2517 2110 2595 humiliarit
2214 2549 2215 2554 ¹

753 2663 817 2711 cor
838 2659 973 2728 suum,
995 2633 1059 2708 sed
1081 2634 1261 2707 adversus
1281 2629 1551 2703 dominatorem
1573 2625 1658 2698 coeli
1685 2624 1850 2696 elevatus
1873 2632 1947 2710 est,
1974 2629 2013 2690 et
2030 2613 2109 2686 idco

752 2733 971 2826 interfectus
987 2743 1063 2825 est,
1095 2744 1133 2805 et
1155 2730 1290 2803 Darius
1314 2727 1446 2799 Medus
1475 2725 1650 2796 successit
1671 2723 1711 2793 in
1730 2744 1852 2812 regno.
2000 2797 2004 2804 ¹

561 2835 723 2890 1.nach.1.
802 2825 1011 2902 Antiochus
1029 2827 1196 2901 ascendit
1210 2822 1507 2922 Hierosolymam
1521 2821 1561 2892 in
1583 2813 1820 2892 multitudine
1836 2811 1966 2903 gravi,
1999 2821 2038 2876 ct
2054 2807 2114 2878 in-

754 2925 871 2995 travit
887 2923 1216 3010 sanctificationem
1237 2947 1321 2992 cum
1336 2919 1524 3012 superbia,
1539 2927 1572 2986 et
1582 2910 1716 3002 accepit
1733 2905 1846 2976 altare
1860 2925 2019 2971 aureum
2036 2912 2117 2969 etc.

567 3031 727 3120 puseus.
804 3014 1003 3086 Dixerunt
1021 3013 1102 3106 illi,
1136 3039 1230 3110 quos
1264 3013 1406 3090 dimisit
1436 3011 1546 3088 Judas
1569 3003 1797 3080 Macbabaeus
1827 2997 1871 3068 ad
1894 2993 2121 3065 custodiam

693 3173 695 3184 ,
757 3123 888 3204 terrae,
915 3107 1006 3181 durn
1029 3109 1101 3183 iret
1130 3109 1174 3182 ad
1193 3109 1363 3206 praelium
1387 3135 1395 3178 :
1424 3109 1615 3181 Faciamus
1626 3100 1734 3175 nobis
1749 3117 1910 3184 nomen,
1930 3099 1968 3161 et
1985 3113 2121 3159 eamus

757 3231 929 3306 pugnare¹
949 3218 1079 3280 contra
1099 3219 1226 3304 gentes
1252 3218 1320 3279 etc.

564 3325 724 3393 aarum.
760 3367 763 3376 ,
806 3305 993 3398 Alcimus,
1022 3306 1089 3400 qui
1118 3303 1265 3378 volebat
1289 3303 1371 3376 fieri
1401 3327 1572 3376 summus
1598 3291 1791 3384 sacerdos,
1813 3299 1851 3361 ct
1879 3281 2031 3383 quidam
2054 3277 2117 3348 alii

758 3403 904 3499 iniqui,
936 3401 1089 3475 iverunt
1114 3400 1160 3474 ad
1191 3415 1315 3497 regem
1338 3399 1593 3492 Demetrium,
1626 3404 1663 3467 ct
1689 3393 1960 3462 accusaverunt
1983 3374 2119 3450 Judam

758 3513 795 3573 et
822 3497 1002 3595 pupulum
1028 3499 1256 3572 ludaeorum.
1378 3492 1383 3500 ’

562 3617 672 3672 rodem.
807 3596 900 3696 Cum
921 3594 1084 3668 audisset
1111 3595 1273 3668 Nicanor
1289 3591 1527 3686 holocausta,
1558 3613 1643 3688 quae
1667 3582 1919 3657 offerebantur
1934 3597 1957 3643 a
1979 3565 2119 3641 Judaeis

758 3719 828 3790 pro
854 3718 956 3788 rege,
979 3691 1140 3765 irridens
1163 3691 1324 3788 sprevit,
1355 3692 1505 3764 locutus
1530 3702 1585 3760 cst
1606 3681 1775 3780 superbe.

567 3817 592 3851 2·
606 3794 733 3852 theb-⁵·
810 3787 1018 3861 Antiochus
1045 3788 1251 3860 estimabat
1273 3813 1310 3860 se
1332 3813 1407 3882 prae
1425 3786 1597 3884 superbia
1622 3795 1759 3854 terram
1781 3773 1828 3845 ad
1850 3759 2124 3858 navigandum,

761 3883 911 3996 pelagus
927 3911 1019 3962 vero
1049 3885 1094 3956 ad
1114 3885 1188 3960 iter
1211 3883 1400 3981 agendum
1418 3883 1691 3968 deducturum,
1715 3881 1866 3969 propter
1889 3871 2027 3934 mentis
2051 3855 2123 3925 ela·

761 3994 913 4054 nonem.
1963 3993 1967 4011 ·

566 4091 690 4144 sarach.
704 4092 732 4146 a.
811 4077 973 4150 Nicanor
993 4078 1150 4152 veniens
1174 4077 1219 4152 ad
1239 4075 1481 4176 pugnandum
1509 4085 1639 4148 contra
1664 4068 1686 4139 J
1690 4065 1800 4140 udam
1821 4071 1859 4132 et
1878 4052 1996 4127 socius
2029 4049 2124 4138 ejus,

762 4175 816 4247 ita
841 4173 1011 4251 credebat
1040 4199 1117 4248 esso
1147 4201 1299 4248 securus
1329 4174 1373 4244 de
1401 4173 1581 4264 victoria,
1610 4165 1710 4263 quod
1741 4155 1927 4260 pendebat
1953 4142 2129 4231 ludaeus,

550 4335 553 4342 .
763 4283 962 4366 antequam
986 4274 1026 4344 in
1045 4297 1175 4370 campo
1201 4273 1345 4348 videret
1362 4295 1434 4343 eos.
1893 4349 1896 4354 Ι

523 4459 530 4473 .
566 4421 592 4458 2,
611 4407 699 4462 M„
715 4425 742 4479 9·
810 4367 975 4460 Fugatus
997 4372 1157 4464 turpiter
1175 4367 1382 4442 Antiochus
1401 4365 1446 4440 de
1466 4363 1633 4452 Perside,
1652 4351 1809 4452 superbe
1828 4349 1977 4419 locutus
1994 4348 2050 4408 ea
2064 4388 2074 4421 ,
2089 4353 2126 4400 se

762 4475 966 4536 venturum
991 4465 1310 4562 Hierusolymam,
1333 4475 1369 4535 et
1396 4463 1603 4557 congeriem
1627 4450 1786 4548 sepulcri
1807 4442 2029 4515 Judaeorum
2046 4447 2126 4504 eam

762 4557 973 4660 facturum,
996 4559 1072 4634 scd'
1085 4563 1186 4636 Deus
1210 4561 1392 4660 percussit
1413 4585 1500 4636 eum
1517 4549 1718 4632 insanabili
1739 4543 1857 4642 plagit·
