4310 5472
745 413 799 521 74
838 401 1103 493 TITULUS
1134 400 1331 488 XXXlX
1360 401 1586 488 Detractis
1611 419 1655 484 et
1678 397 2021 492 Maledicentia.

745 625 1024 722 interpellarent
1043 609 1166 721 regem
1178 623 1434 700 Alexandrum
1446 620 1624 696 adversus
1647 645 1755 715 eum,
1774 633 1812 694 et
1836 645 1914 694 non
1929 623 2126 704 intendit

615 769 623 784 ·
747 722 792 794 ad
825 748 886 795 eos
913 745 995 794 rex.

553 853 579 888 2.
593 829 681 886 naen.
703 831 728 882 s.
796 816 922 900 Simon
950 815 996 886 de
1022 814 1125 887 tribu
1149 815 1365 910 Beniamin,
1381 812 1603 908 praepositus
1623 811 1769 920 templi,
1790 811 1896 884 vertit
1917 811 1973 882 ad
1994 817 2104 908 Apol-

747 910 893 982 lonium
911 923 947 982 et
969 909 1083 997 dixit,
1102 911 1272 982 aerarium
1292 909 1458 1003 pecuniis
1477 905 1812 979 innumerabilibus
1831 931 1911 978 esse
1928 907 2103 1014 plenum.
2125 993 2126 1002 χ

552 1037 577 1073 2.
597 1020 685 1072 riteh.
704 1019 729 1085 t.
797 1003 1000 1075 Praedictus
1017 1006 1125 1076 etiam
1146 1005 1270 1074 Simon
1295 1003 1389 1074 male
1408 1001 1629 1098 loquebatur
1649 999 1695 1072 de
1713 1001 1827 1092 Onia,
1844 1025 2100 1094 provrsorem-
2125 1077 2126 1080 ,

748 1123 821 1194 que
843 1099 1021 1190 civitatis,
1041 1123 1082 1168 ac
1104 1097 1332 1170 delensorem
1353 1099 1474 1190 gentis
1494 1121 1571 1175 suat
1588 1107 1626 1168 et
1644 1095 1896 1168 aemulatorem
1914 1095 2014 1190 legis
2039 1101 2099 1172 Dei
2125 1123 2126 1176 t

748 1193 906 1264 audehat
928 1193 1179 1264 insidiatorem
1208 1193 1313 1284 regni
1334 1191 1465 1264 dicere.

552 1299 728 1368 asismat.
795 1287 958 1357 Veniens
988 1285 1033 1356 ad
1066 1311 1189 1380 regem
1220 1287 1449 1358 Demetrium
1482 1287 1670 1375 Alcimus,
1692 1283 1790 1358 dixit
1818 1285 1920 1357 inter
1946 1301 2091 1360 caetera:
2125 1309 2126 1378 p

747 1380 935 1469 Quamdiu
963 1379 1077 1453 Judas
1102 1394 1291 1476 superest,
1309 1381 1536 1476 impossibile
1563 1393 1618 1453 est
1641 1403 1768 1476 pacem
1790 1377 1877 1450 dare
1901 1385 2070 1476 negotiis.
2125 1381 2126 1474 l

551 1489 648 1542 mitit.
669 1507 695 1555 9.
795 1473 974 1545 Videntes
992 1474 1171 1548 Pharisaei
1186 1475 1390 1548 Dominum
1410 1475 1701 1548 discumbentem
1723 1475 1765 1547 in
1783 1472 1893 1546 domo
1913 1477 2088 1568 ltlatthaei,

659 1630 664 1641 .
748 1565 938 1638 dicebant:
971 1567 1094 1712 Qupre
1113 1593 1200 1642 cum
1226 1569 1433 1664 publicanis
1461 1583 1497 1641 et
1519 1569 1771 1666 peccatoribus
1795 1568 2005 1643 manducat
2025 1600 2087 1646 ma-

750 1661 862 1752 gister
891 1672 1039 1731 vester.

554 1739 618 1822 ilc.
644 1785 684 1834 ις).
799 1753 923 1828 Simile
939 1753 1071 1828 accidit
1089 1755 1134 1826 de
1153 1755 1322 1828 Zachaeo:
1338 1759 1648 1853 murmurabant,
1666 1759 1767 1855 quod
1782 1757 1881 1854 apud
1903 1759 2086 1838 bominem

751 1860 979 1942 peccatorem
1001 1848 1222 1923 divertisset.
1666 1905 1671 1916 ·

496 1907 501 1932 l
555 1963 652 2015 niatu.
679 1981 718 2014 ιι.
800 1943 854 2013 De
888 1943 1029 2015 Joanne
1046 1945 1249 2041 ¹llaptista,
1276 1945 1438 2020 multum
1477 1949 1693 2044 jejunante,
1727 1947 1898 2022 dicebant
1922 1953 2086 2047 quidam:

751 2037 986 2114 Daemonium
1009 2037 1130 2112 habet.

554 2147 662 2204 Eodem.
797 2133 852 2204 De
880 2133 1040 2205 Domino
1063 2147 1189 2208 autem
1217 2133 1327 2232 lesu,
1350 2163 1434 2211 cum
1465 2138 1720 2234 peccatoribus
1746 2139 2013 2232 commedente,
2030 2141 2086 2214 di-

750 2227 898 2300 cebant:
919 2229 1012 2300 Ecce
1030 2229 1143 2303 homo
1168 2255 1289 2306 vorax
1306 2246 1342 2304 et
1362 2247 1510 2328 potator
1529 2227 1636 2326 vini,
1653 2235 1930 2336 publicanorum
1951 2248 1987 2308 et
2007 2263 2086 2333 pec-

749 2333 916 2396 catorum
938 2325 1088 2396 auricus.

554 2437 629 2492 toan.
654 2455 680 2506 9.
795 2417 886 2492 Viso
902 2419 1086 2492 miraculo
1104 2420 1149 2492 de
1166 2446 1267 2494 coeco
1290 2447 1356 2514 per
1377 2423 1581 2494 Dominum
1605 2424 1733 2497 Jesum
1755 2425 1974 2514 illuminato,
1988 2427 2087 2499 Pha-

471 2528 477 2535 '
747 2514 846 2586 risaei
870 2515 1117 2582 detraxerunt
1132 2515 1313 2602 Domino,
1329 2513 1513 2586 dicentes:
1534 2541 1602 2590 nos
1621 2521 1780 2614 scimus,
1798 2521 1884 2616 quia
1902 2519 1969 2594 hic
1981 2522 2083 2596 bomo

748 2615 917 2695 peccator
929 2613 994 2672 est.
1007 2603 1057 2671 Et
1068 2601 1344 2676 maledixerunt
1355 2605 1502 2681 homini
1512 2610 1567 2682 illi
1579 2625 1615 2685 et
1626 2613 1823 2688 ‹lixerunt2
1833 2629 1873 2688 tu
1889 2616 2082 2714 discipulus

750 2718 832 2788 epus
844 2695 1005 2782 siaQuae
1016 2694 1167 2787 quidem
1180 2697 1388 2772 maledictio
1396 2703 1442 2774 sit
1456 2729 1566 2798 super
1576 2721 1701 2800 vos,et
1713 2736 1823 2807 super
1833 2710 1930 2784 lilios
1942 2727 2079 2788 vestros

798 2787 932 2858 Scribae
965 2799 1001 2858 ct
1026 2789 1204 2862 Pharisaei
1233 2792 1479 2868 detraxerunt
1511 2800 1688 2895 Domino,
1712 2805 1874 2878 dicentes
1903 2833 1989 2882 eum
2018 2833 2079 2881 esse

749 2882 2078 2998 Samaritanum,daemoniacum,·blasphemum,peccatorem,potatorem,

750 2997 945 3065 voracem,
966 2975 1178 3050 mendacem
1194 3033 1206 3069 ,
1223 2979 1487 3144 prohibentem
1515 2991 1656 3064 tributa
1684 2993 1764 3068 dari
1795 2996 1944 3088 Caesari,
1971 2999 2075 3090 gentis

752 3067 1028 3176 subversorem,
1043 3071 1169 3166 populi
1185 3099 1222 3144 se
1250 3087 1430 3152 uc'torem,
1442 3083 1528 3158 Hac
1551 3089 1676 3166 omniu
1692 3102 1849 3186 possunt
1872 3118 1924 3166 ex
1938 3091 2077 3164 dirersis

752 3161 844 3234 locis
860 3165 1145 3258 Evangeliorum
1174 3166 1313 3243 haberi
1786 3219 1787 3222 ¹

798 3255 880 3329 Non
892 3257 1058 3333 valentes
1070 3261 1190 3334 Judaei
1201 3267 1369 3340 resistere
1386 3272 1775 3374 sapientiaeStephani,
1795 3285 1870 3358 ctS
1896 3284 2013 3374 initui,
2026 3282 2078 3378 qui

750 3351 971 3460 loquebatur
988 3381 1054 3450 per
1070 3381 1172 3450 eum,
1185 3358 1424 3436 adduxerunt
1439 3368 1478 3439 in
1496 3373 1692 3446 consilium
1715 3373 1808 3449 duos
1830 3378 1850 3450 s
1883 3405 1943 3452 sos
1966 3393 2076 3466 testes,

627 3465 630 3474 ’
750 3445 934 3614 ὼοῗηῑεει
957 3449 1070 3526 homo
1099 3453 1168 3528 iste
1190 3479 1266 3528 non
1289 3471 1405 3532 cessat
1424 3461 1529 3560 loqui
1550 3467 1727 3544 adversus
1753 3473 1956 3569 populum,
1978 3476 2080 3572 legen

749 3555 785 3614 et
829 3569 949 3618 ocunt.

796 3639 956 3734 Quidam
979 3645 1196 3737 quaestuarii
1211 3645 1395 3742 dolentes,
1415 3655 1515 3748 quod
1541 3658 1740 3732 amiserant
1754 3671 1949 3758 'questum
1971 3689 2079 3752 suum,

749 3757 792 3804 eo
819 3735 919 3825 quod
946 3737 1084 3809 Paulus
1108 3744 1264 3835 ejecerat
1285 3744 1456 3837 spiritum
1484 3751 1697 3848 Pythonem
1724 3779 1745 3826 a
1768 3756 1929 3852 quadam
1948 3761 2081 3856 puella,

751 3847 864 3917 quam
896 3826 950 3898 illi
975 3825 1182 3936 habebant,
1202 3835 1381 3909 dixerunt
1411 3845 1704 3937 magistratibus:
1732 3851 1780 3922 Hi
1806 3849 1981 3926 homines
2005 3879 2083 3934 con-

752 3918 909 3993 turbant
928 3925 1116 3997 civ1tatem
1142 3941 1318 4002 nostram.
1341 3935 1388 4007 Et
1408 3935 1454 4006 ad
1478 3940 1593 4010 verba
1616 3969 1743 4016 eorum
1770 3969 1885 4040 prava
1903 3949 2084 4022 concurrit
2125 3997 2126 4056 p

751 4007 856 4117 plebs
884 4011 1061 4121 aduersus
1085 4017 1168 4091 illos
1190 4035 1226 4094 et
1248 4028 1370 4100 scissis
1395 4031 1562 4106 vestibus
1588 4061 1732 4132 eorum,
1746 4043 1841 4138 jussi
1866 4055 1958 4115 sunt
1983 4047 2085 4136 virga
2125 4079 2126 4148 t

751 4102 976 4196 caed1,et1n
1002 4131 1181 4185 carcerem
1208 4121 1317 4192 mitti.
2125 4153 2126 4224 l

799 4197 966 4272 Gallione
978 4209 1197 4298 proconsule
1208 4213 1357 4311 Achaiae
1369 4219 1868 4316 existente,insumexemnt
1879 4257 1959 4306 uno
1971 4235 2091 4308 anino
2125 4225 2126 4314 J

750 4289 773 4363 J
776 4289 878 4372 udaei
891 4309 1020 4394 contra
1038 4299 1194 4378 Paulum
1201 4359 1216 4401 2
1228 4321 1265 4382 et
1284 4303 1523 4391 adduxertmt
1545 4344 1632 4396 eum
1652 4321 1700 4396 ad
1723 4325 1888 4404 tribunal
1908 4325 2090 4418 dicentes,
2125 4357 2126 4368 ¹
