4464 5464
445 435 912 601 maurusam.
975 505 1182 599 amam
1417 509 1500 604 aas

175 729 275 809 Cum
295 741 425 833 ,oraret
445 731 699 808 Sennacherib
723 732 929 832 intemplo
952 729 1076 808 Deum
1099 757 1233 829 sunm,
1253 735 1329 808 duo
1350 733 1420 807 filii
1442 737 1502 809 sui
1517 753 1544 826 a.
1562 756 1628 828 aeg.
1653 771 1696 826 ¹9·

127 844 399 930 percusserunt
426 855 534 921 euni,
554 830 618 905 sed
632 842 759 903 tamen
783 840 920 904 neuter
944 857 1074 904 eornm
1103 834 1275 930 regnavit
1293 841 1377 930 post
1402 857 1500 906 enm.

176 927 343 1018 Quidam
373 927 518 1001 inimici
552 925 743 1000 Nehenriae
776 927 983 1003 voluerunt
1020 927 1145 1002 foedus
1183 955 1268 1002 cum
1312 954 1355 1000 eo
1400 928 1502 1002 mali·
1518 976 1543 1014 2,
1561 959 1661 1015 maa

130 1023 227 1098 tiose
246 1049 493 1121 componere,
512 1035 550 1097 et
574 1023 786 1116 cogitabant
813 1025 848 1094 ei
864 1023 985 1098 facere
1002 1025 1168 1121 malum,
1186 1025 1371 1100 dederunt
1390 1025 1503 1098 etiam

130 1122 319 1215 pretium,
340 1133 385 1191 ut
419 1143 506 1190 eum
539 1119 720 1192 ducerent
754 1121 794 1191 in
831 1119 1036 1212 peceatum.

72 1245 85 1266 1
180 1218 267 1288 Duo
308 1215 489 1304 janitores
530 1219 645 1326 regis.
666 1214 853 1306 Assueri,
869 1217 938 1311 qui
978 1218 1018 1288 in
1060 1219 1183 1312 primo
1219 1218 1340 1291 limite
1375 1217 1502 1312 palatii
1519 1239 1593 1292 asin
1615 1254 1641 1290 2.
1670 1289 1677 1318 ,

131 1309 372 1398 residebant,
394 1306 598 1382 voluerunt
633 1331 677 1381 in
705 1333 829 1404 regem
866 1310 1085 1407 insurgere,
1105 1325 1141 1384 et
1173 1317 1298 1410 ipsum
1326 1311 1502 1386 occidere.

98 1449 102 1466 ·
184 1403 299 1475 Venit
335 1401 468 1476 ismael
504 1406 606 1478 filius
638 1399 858 1496 Nathaniae‚
879 1418 917 1480 et
956 1407 1067 1481 multi
1103 1432 1188 1480 cnm
1225 1436 1291 1500 eo,
1310 1421 1347 1481 et
1381 1415 1616 1484 come-aerem.
1637 1428 1679 1496 aa.

134 1499 272 1573 derunt
308 1523 395 1570 cum
434 1499 611 1592 Godolia,
643 1526 756 1598 quem
792 1502 1008 1599 praefecerat
1047 1529 1115 1576 rex
1151 1505 1358 1602 Babylonis
1396 1516 1505 1577 terrae

133 1595 240 1666 Juda.
283 1594 333 1664 Et
365 1605 448 1688 post
481 1595 684 1692 prandium
717 1610 989 1691 strnexerant,
1015 1611 1052 1672 et
1081 1598 1353 1688 iuterfecerunt
1391 1623 1497 1691 enm,

10 1727 16 1740 ·
132 1689 199 1785 qui
232 1685 329 1760 nihil
363 1688 451 1760 mali
484 1691 657 1764 voluerat
696 1693 845 1766 eredere
878 1707 1008 1767 contra
1042 1695 1138 1768 illos.

178 1783 389 1856 Antiochus
412 1811 483 1858 rex
501 1787 605 1860 misit
624 1789 853 1862 tributorum
873 1791 1081 1885 principem
1093 1791 1133 1859 in
1148 1791 1322 1862 civitates
1338 1790 1454 1878 Juda,
1467 1801 1504 1859 et
1525 1832 1547 1865 ι.
1569 1815 1657 1865 naen.
1675 1831 1699 1867 ι.

130 1881 238 1952 venit
257 1880 299 1950 in
316 1880 520 1956 Jerusalem
534 1895 593 1972 ,et
605 1883 756 1956 loeutus
771 1896 828 1956 est
839 1883 931 1976 illis,
949 1888 1018 1982 qui
1035 1897 1144 1956 erant
1156 1882 1284 1976 intus,
1303 1883 1421 1959 verba
1444 1907 1505 1979 pa-

131 1975 238 2050 cifica
255 1973 297 2044 in
314 1973 466 2063 dolo,et
484 1975 724 2048 crediderunt
742 1984 796 2070 ei,
811 1990 850 2048 et
866 1980 979 2050 irruit
999 2005 1111 2072 super
1125 1981 1320 2052 civitatem
1341 1991 1504 2074 repente.

181 2072 279 2145 Cum
303 2071 488 2144 obsideret
513 2070 726 2144 Antiochus
749 2073 917 2166 Eupator
936 2072 1166 2164 Jerusalem,
1186 2073 1256 2143 nec
1279 2086 1404 2168 posset
1421 2097 1504 2144 eam
1525 2111 1547 2145 ι.
1569 2095 1656 2146 usca.
1673 2093 1699 2146 a.

134 2177 283 2264 capere,
305 2168 409 2240 misit
440 2165 487 2238 ad
518 2167 621 2259 illos,
643 2167 710 2264 qui
738 2167 843 2239 intus
873 2179 1003 2260 crant,
1020 2191 1148 2264 paoem
1178 2165 1322 2260 facere,
1344 2179 1381 2240 et
1407 2191 1506 2240 rece-

130 2274 272 2362 perunt
295 2263 409 2336 illam.
439 2263 461 2334 J
464 2263 663 2359 oravitque
689 2263 743 2334 eis
764 2283 836 2333 rex
856 2286 863 2330 :
886 2263 949 2334 scd
975 2265 1080 2357 rupit
1102 2263 1213 2334 citius
1234 2266 1503 2357 juramentum.

183 2361 410 2434 Ptolomaeus
432 2385 504 2432 rex
532 2358 685 2457 AEgypti
709 2357 901 2454 quaerebat
926 2359 1096 2430 obtinere
1117 2381 1276 2450 regnum
1299 2357 1506 2430 Alexandri
1527 2401 1549 2434 1.
1562 2383 1639 2436 nach
1661 2399 1701 2434 tr.

131 2459 261 2554 generi
284 2457 344 2530 sui
360 2456 460 2530 dolo.
488 2455 537 2528 Et
555 2479 643 2528 cnm
660 2454 839 2528 intrasset
860 2455 1034 2528 civitates
1062 2451 1270 2524 Alexandri
1299 2477 1387 2526 cum
1407 2477 1506 2546 mag-

131 2579 185 2627 no
232 2554 425 2647 exercitu,
454 2565 492 2625 et
531 2551 760 2648 reciperetur
802 2549 843 2624 in
885 2551 938 2622 eis
977 2547 1207 2642 honorifice,
1236 2546 1283 2621 de
1329 2547 1505 2620 mandato

132 2649 344 2724 Alexandri
419 2650 530 2722 nebat
553 2645 743 2722 custodiae
773 2646 938 2720 militurn
967 2649 1011 2720 in
1037 2647 1102 2719 eis.

181 2745 325 2819 Videns
381 2745 553 2844 ryphen,
574 2741 679 2841 quod
710 2741 893 2816 Jonathas
913 2743 1023 2818 venit
1044 2765 1136 2818 cum
1164 2740 1336 2816 exercitu
1363 2739 1702 2833 multo,1.meh.12.

132 2843 247 2939 jussit
270 2843 425 2914 retineri
471 2865 608 2932 ancos,
627 2851 665 2913 et
686 2839 778 2930 alios
804 2839 957 2912 remitti.
996 2842 1046 2912 Et
1072 2863 1161 2912 cum
1188 2838 1331 2912 facturn
1353 2837 1524 2929 fuisset,¹

118 2951 265 3037 'captus
276 2948 332 3011 est
343 2938 366 3009 J
366 2869 525 3012 onatlras
533 2960 625 3010 eum
641 2935 744 3022 mille
752 2990 763 3029 ,
777 2959 874 3032 quos
884 2935 1113 3024 retinuerat,
1128 2947 1164 3006 et
1176 2935 1240 3005 alii
1251 2945 1342 3004 sunt
1352 2934 1507 3004 reversi.

49 3065 58 3082 ·
182 3036 282 3102 Cum
322 3033 530 3105 ambularet
566 3031 755 3126 Tryphon
795 3053 883 3104 cum
928 3055 1014 3126 rege
1050 3025 1238 3102 Antiocho
1274 3025 1507 3100 adolescente
1528 3043 1646 3098 aaran.
1663 3013 1703 3096 1'r.

135 3124 300 3194 Domino
342 3145 435 3208 suo,
454 3124 541 3192 dolo
570 3125 708 3191 occidit
745 3147 856 3210 eum,
876 3135 914 3192 et
945 3126 1119 3214 regnavit
1151 3125 1234 3192 loco
1267 3125 1361 3216 ejus.

185 3215 411 3288 Ptolomaeus
426 3213 529 3288 lilius
545 3212 666 3284 Abobi
682 3237 795 3306 gener
809 3213 948 3285 summi
963 3211 1165 3286 sacerdotis
1183 3211 1272 3287 fecit
1286 3215 1508 3288 convivium
1528 3253 1550 3285 1·
1562 3235 1650 3286 naen.
1662 3235 1703 3290 ra.
1744 3226 1750 3236 '

137 3311 305 3406 Simoni,
324 3319 362 3383 et
376 3307 525 3382 duobus
541 3307 629 3380 filiis
646 3309 739 3402 ejus.
766 3305 815 3376 Et
830 3329 919 3377 eum
930 3305 1106 3380 inebriati
1122 3320 1267 3398 essent,
1282 3307 1417 3379 occidit
1433 3335 1506 3382 eos.

187 3409 286 3482 Cum
335 3405 502 3483 venisset
552 3405 584 3474 A
632 3401 772 3478 llonius
807 3399 952 3472 lerosol

135 3529 185 3579 us
213 3531 263 3577 uc
303 3502 351 3577 ad
399 3499 499 3574 diem
536 3497 706 3592 sabati,
737 3507 775 3569 et
816 3507 910 3568 tunc
951 3425 1095 3570 {piam
1136 3495 1277 3569 ludaeis
1317 3498 1509 3591 ingentem

136 3532 424 3676 mriltitudinem
462 3596 630 3694 peremit.
1291 3647 1299 3680 κ,

189 3695 356 3770 Audiens
380 3693 497 3767 Judas
528 3691 787 3784 Machabaeus,
803 3687 905 3786 quod
934 3687 1013 3781 illi,
1029 3689 1098 3783 qui
1126 3685 1349 3760 obsederant
1367 3696 1510 3779 turres,
1528 3703 1704 3759 onaan.
1771 3691 1776 3698 '

137 3792 211 3865 ubi
244 3805 352 3865 erant
382 3791 529 3864 inimici
559 3787 738 3886 gentiles,
760 3788 957 3884 pecuniam
995 3794 1235 3882 acceperant,
1259 3794 1296 3857 et
1327 3777 1510 3878 quosdam

19 3947 21 3950 .
143 3889 247 3962 abire
274 3889 544 3986 permiserant,
563 3886 647 3959 illos
682 3897 864 3980 tanquam
903 3880 1108 3980 proditores
1144 3891 1182 3953 et
1215 3879 1378 3955 fratrum
1415 3903 1511 3958 ven-

141 3983 280 4058 ditores
315 3983 527 4076 interfecit,
543 3994 583 4056 et
623 3979 825 4056 confestim
861 3991 986 4052 turres
1018 3977 1226 4075 occupavit.
1534 4070 1537 4075 Α

189 4081 337 4153 Omnes
364 4081 453 4152 alias
475 4079 705 4176 proditiones
736 4078 779 4149 in
817 4076 987 4172 nequitia
1017 4085 1055 4146 et
1081 4075 1327 4170 perversitate
1357 4082 1507 4168 superat
1525 4105 1623 4158 Μὴ,
1644 4101 1687 4158 aa.

142 4173 228 4268 illa,
251 4201 364 4274 quam
395 4173 736 4250 facinorosissimos
762 4172 1032 4248 Judasfcontra
1053 4170 1258 4242 Dominum
1278 4169 1505 4265 procuravit.
1526 4175 1608 4226 Marc·
1630 4177 1699 4242 ·t-·

143 4272 220 4362 Qui
239 4273 443 4348 Dominum
466 4283 503 4345 ct
533 4273 753 4365 magistrum
781 4293 895 4341 suum
917 4265 1089 4340 vendidit
1104 4290 1179 4434 (lm
1203 4265 1351 4340 tantillo
1375 4266 1506 4362 pretio.
1525 4239 1664 4362 ,Lgfgfssp

8 4455 9 4458 Ἴ
143 4367 269 4444 Etiam
301 4369 345 4444 in
379 4391 513 4476 manus
547 4365 717 4440 hostium
750 4363 906 4438 tradidit
950 4361 1104 4437 asculan
1130 4387 1164 4434 o.

1140 4456 1218 4530 Ll

1022 3425 1105 3492 em,
1139 3401 1320 3474 simulans
1362 3402 1508 3497 quievit
1526 3443 1552 3476 α.
1574 3425 1661 3478 nach.
1677 3423 1702 3478 5.
1810 3433 1814 3442 ·
