4452 5462
650 333 652 338 ’
753 361 836 454 aa
864 359 1127 450 uranus
1161 359 1375 449 camur.
1414 359 1570 446 unitas
1592 379 1637 447 a
1670 369 1926 474 consensus,
1951 398 2052 466 eze.

752 491 2126 536 ---------.-----—--—-..

399 571 404 584 ⁸
485 655 489 668 Ι
551 579 704 660 usuam.
800 576 969 674 Virgines
995 578 1108 651 fatuae
1130 578 1178 649 ob
1204 577 1390 650 defectum
1419 577 1626 744 vipilantioe
1654 603 1735 656 non
1758 583 1916 664 fuerunt
1937 591 2133 670 admissas

457 669 466 686 '
751 696 816 744 as
867 699 933 746 nso
959 673 1005 746 ad
1031 676 1199 770 nuptias,
1217 672 1282 746 sed
1300 673 1423 746 clausa
1448 672 1523 746 ilis
1550 673 1626 745 fuit
1647 676 1777 770 janua.
2163 673 2164 690 ³

551 778 648 832 min.
663 782 702 836 rs.
829 795 892 840 um
911 768 1116 842 dormirent
1134 767 1322 860 homines,
1338 771 1444 842 venit
1461 771 1656 863 inimicus,
1673 783 1711 843 et
1727 782 2056 872 superseminavit
2073 788 2130 860 zi·
2163 807 2164 870 t

490 879 495 886 '
537 863 548 878 ’
751 864 859 934 zauia
883 862 924 936 in
944 865 1064 936 medio
1088 865 1211 940 tritici·
1243 863 1364 953 Quam
1386 861 1505 934 multa
1516 863 1696 939 vitiorum
1709 871 1857 945 zizania
1873 879 2128 956 seminantur
2163 879 2164 934 l

750 967 788 1032 et
810 971 982 1035 crescunt
1003 960 1043 1031 in
1066 959 1235 1052 homine,
1256 960 1290 1030 si
1312 958 1667 1052 animanonvigilat
1683 987 1691 1031 ι
1708 970 1966 1061 quammulta
1989 975 2035 1046 in
2060 977 2125 1050 do
2163 945 2164 1002 i

749 1079 827 1146 mo,
851 1059 882 1129 si
903 1054 1166 1150 paterfamilias
1188 1055 1350 1128 dormit:
1371 1076 1483 1147 quam
1512 1053 1632 1126 multa
1659 1057 1698 1130 in
1728 1061 1881 1137 civitate
1910 1079 1948 1139 et
1985 1069 2121 1166 Repu-

748 1149 861 1244 blica,
894 1151 925 1224 si
950 1151 1162 1246 Superiores
1184 1164 1221 1224 et
1243 1149 1479 1242 magistratus
1500 1147 1705 1226 dormiunt.

548 1255 646 1310 ustis.
662 1257 705 1326 st.
797 1245 874 1320 Cur
896 1272 1040 1342 semper
1060 1247 1259 1319 debeamus
1280 1243 1449 1338 vigilare,
1470 1245 1651 1316 rationem
1679 1247 1743 1322 dat
1771 1251 1944 1332 Christus
1978 1259 2115 1337 Domi-

546 1325 580 1389 ⁴²
593 1332 645 1376 ⁰²⁰·
746 1367 830 1416 nus.
855 1341 1039 1437 Vigilate,
1057 1343 1123 1433 ait,
1142 1343 1231 1438 quia
1254 1339 1426 1430 nescitis,
1446 1338 1520 1433 qud
1542 1335 1637 1412 hora
1656 1343 1843 1420 Dominus
1862 1361 1992 1427 vester
2018 1383 2111 1432 ven-

745 1449 855 1514 turus
879 1440 937 1516 sit.
964 1436 1061 1510 Illud
1089 1451 1215 1511 autem
1242 1436 1394 1527 scitote,
1415 1434 1593 1528 quoniam
1612 1437 1644 1508 si
1667 1441 1776 1514 sciret
1793 1443 2108 1546 Pater-familias,

743 1533 819 1698 pud
838 1533 932 1605 horai
950 1531 1015 1604 fur
1035 1545 1219 1607 venturus
1236 1542 1350 1621 esset,
1368 1527 1539 1622 vigilaret
1556 1531 1703 1625 utique,
1722 1547 1757 1605 et
1772 1563 1847 1608 uon
1859 1537 1999 1614 sineret
2010 1572 2098 1636 pest

760 1627 822 1700 odi
850 1627 1003 1700 domum
1035 1653 1151 1700 suam.
1185 1629 1272 1700 Ideo
1294 1638 1330 1698 et
1356 1649 1427 1699 vos
1449 1635 1565 1696 estote
1577 1630 1819 1723 .›parati:quia
1839 1651 1919 1726 qua
1934 1643 2088 1714 nescitis

741 1719 836 1786 hors
856 1721 957 1784 filius
978 1720 1142 1788 bominis
1165 1731 1349 1790 venturus
1367 1730 1423 1790 est
1444 1731 1512 1790 etc.

543 1798 639 1916 'mili
654 1797 698 1850 ²⁶·
790 1810 937 1886 Monuit
951 1807 1135 1886 Dominus
1150 1811 1358 1905 Discipulos
1385 1813 1427 1887 in
1448 1826 1575 1889 monte
1598 1815 1738 1891 Oliveti
1761 1842 1769 1887 :
1789 1821 1938 1915 vigilate
1958 1838 1997 1900 et
2016 1854 2094 1902 ora·

601 1889 645 1966 .⁴'
740 1913 796 1994 te,
815 1917 856 1977 ut
880 1927 957 1974 non
978 1904 1126 1976 intretis
1148 1908 1461 1980 intentationem.
1485 1911 1631 2002 Petrus,
1651 1912 1741 2006 quia
1757 1911 1849 1986 huic
1859 1924 2003 1996 monito
2017 1947 2093 1997 uon

740 2012 797 2074 cst
819 1998 1115 2090 obsecutus,an
1137 1999 1260 2075 adhuc
1282 2015 1390 2075 nocte
1412 2027 1434 2074 a
1457 2006 1661 2092 tentatione
1689 2007 1764 2080 fuit
1785 2011 1920 2086 victus.
2088 2053 2094 2060 ·
2159 2060 2161 2102 t

541 2114 624 2186 apoc.
639 2117 665 2170 s.
788 2098 970 2190 Episcopo
992 2092 1115 2168 Sardis
1138 2097 1250 2192 jussit
1272 2095 1444 2171 Christus
1466 2099 1648 2172 Joannem
1671 2105 1831 2178 scribere
1851 2133 1859 2177 :
1882 2111 1974 2186 Esto
1996 2113 2092 2210 vigi-

739 2189 831 2269 lans.
861 2191 900 2268 si
925 2213 1003 2262 non
1024 2191 1257 2292 vigilaveris,
1278 2197 1429 2282 veniam
1452 2193 1499 2270 ad
1524 2206 1562 2268 te
1584 2208 1764 2294 tanquam
1790 2199 1863 2276 fur.

1078 2351 1411 2440 TITULUS
1438 2355 1748 2446 CLXXX.

1034 2507 1183 2594 Unr'tas
1218 2525 1259 2590 et
1297 2535 1516 2590 consensus
1549 2510 1792 2594 communia

535 2717 683 2838 35⁸2?ss
735 2641 917 2866 Enim
935 2677 1087 2813 bomine
1105 2701 1206 2774 Deus
1222 2699 1431 2810 humanum
1441 2696 1812 2809 'genusiustit'uitffid
1824 2699 2083 2863 pompmmtljau·

531 2851 674 2982 ἓξὲξ,
734 2821 837 2950 dmi.
856 2798 1087 2973 singtilis
1102 2803 2075 2978 ttttfttft‘tttttttttttttpltttt,st

538 2997 582 3032 ²²·
733 2995 813 3048 non
834 2971 985 3049 relictus
1008 2986 1064 3048 est
1091 2975 1202 3049 solus.
1232 2976 1337 3050 Nihil
1363 2983 1462 3053 enim
1490 2992 1561 3073 est,
1582 2979 1682 3078 quod
1697 2977 1926 3052 commodius
1952 2994 2079 3052 contra

603 3099 605 3104 ·
732 3066 871 3146 vidum
893 3069 1084 3144 discordias
1106 3071 1169 3144 vel
1191 3072 1424 3168 cavendum,
1442 3099 1527 3149 cum
1550 3075 1717 3148 nondum
1740 3073 2003 3169 existeret,vel
2023 3101 2079 3149 sa-

732 3165 922 3260 nandum,
945 3191 1030 3242 cum
1056 3167 1262 3261 extitisset,
1289 3180 1425 3242 natura
1445 3172 1661 3268 loqueretur
1684 3169 1869 3263 humana,
1890 3195 2002 3266 quam
2022 3197 2079 3244 re-

731 3261 982 3336 cordationem
1009 3261 1110 3337 illius
1135 3265 1318 3357 parentis,
1346 3290 1458 3360 quem
1482 3279 1676 3364 propterea
1695 3267 1796 3342 Deus
1818 3289 1942 3340 creare
1961 3266 2078 3342 voluit

729 3385 869 3450 unum,
885 3357 931 3432 de
950 3365 1031 3456 quo'
1044 3357 1246 3432 multitudo
1258 3373 1542 3456 propagaretur,
1558 3375 1602 3434 ut
1619 3361 1690 3434 hac
1703 3359 1955 3436 admonitione
1971 3362 2077 3434 etiam

634 3475 639 3484 ·
727 3459 769 3532 in
793 3454 920 3529 multis
947 3480 1099 3530 concors
1116 3457 1247 3528 ”unitas
1271 3458 1492 3530 servaretur·
1590 3521 1592 3526 ,

607 3608 614 3627 .
742 3601 747 3612 -
776 3549 942 3647 Populus
968 3551 1133 3626 filiorum
1154 3551 1268 3624 Isra'el
1299 3553 1340 3624 in
1375 3551 1520 3626 deserto
1543 3551 1705 3626 multum
1735 3551 1813 3628 fuit
1832 3547 2020 3624 unanimis
2040 3551 2076 3613 et

727 3647 966 3722 voluntarius
990 3646 1037 3719 ad
1061 3646 1308 3742 recipiendam
1331 3648 1447 3745 legem
1466 3673 1474 3716 :
1492 3649 1602 3722 etiam
1624 3647 1761 3722 auditis
1789 3673 1811 3720 a
1836 3651 1968 3742 Moyse
1994 3663 2075 3713 ver-

727 3742 785 3813 bis
802 3740 911 3834 legis,
922 3742 1112 3839 respondit
1134 3754 1293 3816 cunctus
1312 3743 1472 3840 populus
1495 3749 1573 3818 una
1594 3767 1687 3818 vocs
1700 3769 1707 3812 :
1721 3743 1858 3816 Omnia
1876 3740 1988 3816 verba
2002 3735 2075 3808 Do·

729 3837 841 3926 mini,
871 3863 954 3930 quae
975 3839 1122 3912 locutus
1146 3848 1221 3932 est,
1242 3837 1430 3912 faciemus.

523 3945 663 4005 traaas.
777 3930 835 4002 Ad
858 3929 1069 4006 faciendum
1087 3960 1180 4029 opus
1203 3933 1431 4008 tabernaculi
1454 3935 1606 4006 Domini
1620 3939 1659 4014 et
1682 3957 1800 4006 sacras
1819 3929 2074 4034 ministrorum

726 4039 874 4119 vestes,
894 4026 1030 4100 obtulit
1050 4031 1170 4098 omnis
1188 4029 1390 4103 multitudo
1410 4031 1575 4102 filiorum
1590 4027 1841 4102 Israiilomnia
1856 4041 2074 4108 necessaria,

724 4135 849 4196 mente
869 4121 1144 4220 promptissima
1166 4133 1277 4218 atque
1299 4125 1445 4199 devota.
2010 4209 2018 4224 α

520 4235 665 4294 indisso.
772 4217 990 4314 congregati
1012 4229 1103 4292 sunt
1132 4242 1260 4290 omnes
1291 4217 1360 4292 filii
1386 4219 1521 4313 Israel,
1543 4221 1652 4316 quasi
1679 4219 1742 4294 vir
1762 4243 1884 4309 unus,
1908 4209 2073 4288 videbcet

720 4315 768 4388 ad
794 4313 1063 4391 vindicandum
1091 4311 1274 4411 flagitium
1297 4315 1340 4390 in
1368 4315 1494 4392 Gabaa
1523 4315 1721 4414 Beniamin
1735 4339 1821 4412 erga
1837 4331 1997 4388 uxorem
2012 4303 2073 4374 11⁰¹

717 4411 808 4496 ,vitas
830 4413 1080 4498 commissum,
2044 4481 2051 4496 .

1958 4495 2062 4562 hvidii
