4310 5472
753 391 847 458 ‘roo
1033 387 1036 401 ¹
1088 361 1353 452 TITULUS
1382 359 1479 448 LV.
1516 355 1757 446 Fortitudo.

2051 509 2122 538 Q

573 609 648 666 mat.
670 605 751 660 ort·
817 594 956 668 Esther
965 607 1044 667 erat
1058 593 1221 667 formosa
1230 591 1358 684 valde,
1369 601 1406 662 et
1417 583 1627 662 incredibili
1638 583 1938 694 pulchritudine,
1954 599 2122 678 omniun

770 690 888 764 oculis
910 691 1069 784 gratiosa
1084 703 1121 762 et
1140 687 1319 760 amabilis.
1348 685 1417 759 Sed
1438 707 1519 758 non
1533 683 1709 777 quaesivit
1725 679 1948 790 muliebrem
1975 689 2122 772 cultum⁴

577 789 678 854 soeg.
696 803 734 855 ¹7·
817 785 940 859 David
963 799 1042 858 erat
1065 784 1276 857 adolescens
1299 780 1456 880 pulcher
1475 790 1648 874 aspectu5
1673 777 1736 850 sed
1761 775 1876 850 simul
1896 775 2122 864 fortissimus

771 893 808 954 et
830 883 1070 954 castissimus.

512 1047 520 1062 ,
576 1004 601 1040 1·
613 985 752 1054 Timo·
818 975 959 1048 Paulus
978 977 1063 1051 vult
1082 977 1258 1048 mulieres
1272 975 1315 1046 in
1333 972 1469 1046 habitu
1484 981 1642 1062 ornato,
1664 993 1751 1044 oum
1765 972 2005 1046 verecundia
2023 993 2059 1054 et
2075 1009 2122 1058 ω,

770 1071 929 1142 brietate
951 1085 1128 1143 ornantes
1151 1097 1211 1162 se,
1239 1083 1277 1142 et
1307 1095 1386 1142 non
1410 1069 1452 1140 iu
1474 1069 1584 1140 tortis
1605 1067 1793 1162 crinibus,
1817 1078 1885 1142 aut
1917 1093 2041 1167 autb,
2070 1095 2122 1156 rm.

770 1165 1005 1261 margaritis,
1026 1165 1088 1241 uel
1115 1176 1221 1241 veste
1248 1165 1419 1260 pretiosa.

1158 1356 1163 1364 '
1203 1343 1247 1426 T
1257 1341 1535 1426 ITULUS
1587 1340 1696 1428 hv.

1311 1513 1548 1602 Fortitudo.

576 1718 646 1770 ser.
665 1715 706 1783 14·
771 1645 940 1788 Videris
967 1691 1155 1778 Abraham
1181 1716 1356 1800 nepotem
1378 1727 1490 1776 suurn
1514 1703 1613 1777 Loth
1639 1727 1718 1776 esse
1740 1710 1912 1798 captum,
1926 1721 2106 1807 assumpto

771 1801 985 1875 vernaculis
1013 1801 1113 1893 suis,
1146 1814 1182 1873 et
1204 1801 1285 1872 aliis
1306 1799 1438 1890 sociis,
1465 1801 1577 1872 irruit
1605 1810 1714 1872 nocte
1737 1823 1849 1894 super
1904 1817 2039 1878 uatuor
2061 1835 2104 1880 re-

774 1920 858 1990 ges,
884 1897 954 1991 qui'
974 1908 1147 1990 ceperant
1174 1897 1293 1970 ilium.
1319 1895 1367 1966 Et
1397 1897 1580 1989 percussis
1610 1893 1803 1987 hostibus,
1897 1899 2102 1988 ‘uxi‘tLotb

775 2014 860 2062 cum
883 2004 962 2064 tota
987 1990 1218 2084 substantia,
1239 2004 1276 2063 et
1293 1989 1431 2088 populo
1445 1990 1711 2063 ¹Sodomorum.

824 2086 1002 2159 Securum
1029 2084 1118 2159 facit
1133 2087 1326 2160 homiuem
1341 2098 1379 2160 et
1401 2085 1585 2158 audacem·
1595 2086 1740 2181 puritas
1766 2085 2012 2161 conscientias.
2029 2096 2097 2166 Hir-2

775 2191 856 2272 est,
875 2181 976 2278 quod
995 2181 1109 2253 Jacob
1124 2195 1275 2256 tumens
1297 2207 1385 2255 cum
1405 2184 1529 2277 jurgio
1540 2182 1591 2253 ait
1605 2208 1620 2250 ·.·
1632 2178 1755 2270 Qdam
1772 2182 1819 2251 ob
1831 2181 1982 2278 culpam
1994 2214 2099 2278 mean,

776 2287 812 2348 et
831 2278 878 2348 ob
901 2275 1002 2372 quod
1028 2291 1221 2370 peccatum
1250 2301 1376 2348 meum
1404 2277 1457 2348 sic
1473 2275 1648 2352 exarsisti
1669 2287 1752 2372 post
1769 2301 1855 2368 me,
1874 2291 1911 2349 et
1929 2297 2101 2356 scrutatur

677 2369 678 2382 ¹
773 2397 812 2444 es
834 2397 984 2446 omnem
1006 2395 1051 2442 su
1077 2371 1269 2444 ellectiiem
1297 2369 1471 2444 domimi

577 2491 646 2543 serr.
661 2490 703 2540 32.
823 2467 932 2540 Dixit
955 2397 1118 2558 Angeias
1141 2467 1320 2538 ad·Jacob
1337 2492 1344 2532 :
1362 2468 1400 2536 Si
1420 2477 1551 2538 contra
1567 2468 1688 2540 Deum
1707 2466 1814 2542 fortis
1829 2463 1946 2557 fuisti,
1967 2489 2106 2562 quanto

775 2563 893 2652 magis
916 2571 1046 2629 contra
1071 2559 1244 2628 homines
1271 2560 1499 2652 praevalebis.

578 2659 664 2710 mou.
678 2659 703 2710 5.
776 2725 779 2732 ¹
826 2651 1012 2722 Audacter
1033 2661 1071 2720 et
1093 2663 1306 2724 constanter
1322 2655 1422 2726 stetit
1441 2661 1590 2755 Moyses
1605 2683 1730 2732 coram
1749 2658 1944 2733 Pharaone
1965 2685 2102 2758 arguens

779 2769 889 2835 eum,
915 2745 1004 2839 quia
1022 2769 1100 2816 non
1118 2745 1327 2820 dimittebat
1345 2751 1526 2846 populum
1544 2755 1706 2830 Domini.

580 2853 666 2906 Erro.
686 2855 725 2906 rs.
829 2840 975 2911 Armati
1001 2839 1248 2913 ascenderunt
1269 2842 1338 2915 tilii
1357 2846 1469 2919 lsrael
1487 2849 1533 2920 de
1559 2851 1658 2923 terrai
1676 2853 1834 2948 AEgypti.

554 2949 663 3018 uum.
682 2950 721 3000 13·
735 2955 763 2997 et
828 2931 938 3005 Caleb
971 2947 1008 3006 et
1044 2934 1156 3006 Josue
1186 2937 1346 3011 viriliter
1377 2942 1684 3020 confortaverunt
1716 2947 1901 3042 populum
1931 2949 2102 3024 diceutes:

618 3017 661 3078 ¹4·
779 3026 1031 3102 Ascendamus
1066 3043 1102 3102 et
1133 3031 1566 3136 possideamusterram,
1591 3042 1769 3138 quoniam
1794 3047 1998 3136 poterimus
2017 3049 2100 3119 obti-

778 3146 868 3194 nere
899 3148 990 3232 earn.
1017 3128 1066 3197 Et
1095 3127 1259 3238 iterum:
1283 3157 1331 3203 ne
1360 3137 1521 3210 timeatis
1546 3137 1727 3235 populum
1749 3149 1881 3236 terrm,
1910 3145 2000 3238 quia
2025 3145 2100 3215 s'rru

583 3319 664 3376 Num.
688 3319 725 3373 ³1.
778 3234 1325 3394 Pagbiirbedactiriieditndddciiid
1345 3227 1793 3426 gplpppplpe.pugnatomm
1818 3330 2015 3406 debellarit
2041 3340 2103 3406 Mr-

724 3481 727 3490 ,
776 3407 947 3518 diauitas.
971 3413 1141 3500 Quorum
1161 3429 1296 3509 praeter
1317 3421 1418 3493 viros
1445 3434 1481 3494 et
1504 3425 1700 3518 mulieres,
1725 3428 1792 3522 qui
1817 3431 1923 3500 occisi
1941 3425 2105 3515 fuerant,

775 3515 929 3614 triginta
951 3499 1027 3581 duo
1044 3509 1161 3580 miliia
1175 3511 1367 3606 virginum
1388 3517 1429 3588 in
1473 3520 1572 3592 taedo
1595 3521 1772 3614 fuerunt,
1797 3521 2022 3598 animalium
2045 3537 2104 3597 eru

774 3621 943 3672 maxnna-
957 3604 1171 3676 multitudo.
1189 3603 1264 3678 Nec
1281 3610 1415 3706 aliquis
1460 3615 1584 3687 efiliis
1605 3616 1717 3687 Isra'e‘l
1740 3631 1913 3692 mortuus
1937 3635 2011 3695 est.
2121 3687 2122 3710 ,

579 3699 660 3751 Deut-
680 3701 722 3752 ta
824 3699 973 3792 Moyses
994 3699 1093 3771 dixit
1115 3699 1162 3771 ad
1185 3701 1318 3797 Josue‚
1340 3711 1406 3801 qui
1428 3713 1462 3780 ei
1478 3711 1632 3782 debebat
1645 3701 1839 3786 succedere
1857 3740 1864 3782 :
1882 3715 2106 3804 Consum,

775 3801 812 3860 et
836 3803 913 3862 esto
931 3793 1129 3883 robustus,
1146 3806 1192 3866 tu
1212 3799 1312 3882 enim
1338 3803 1551 3877 introduces
1573 3807 1752 3915 populum
1778 3811 1908 3882 istum.

579 3887 655 3938 soros
668 3889 694 3940 8·
823 3885 983 3978 Pergens
1005 3885 1052 3956 ad
1073 3888 1212 3960 bellum
1225 3891 1336 3966 Josue
1354 3910 1484 3969 eontra
1504 3899 1828 3998 habrtatoresHai,
1844 3919 1927 3980 erat
1943 3911 1995 3984 in
2009 3910 2109 3984 {rorte

774 3979 962 4050 exercitus
983 3978 1143 4058 vallatus
1163 3985 1306 4059 auxilio
1323 4005 1582 4087 pugnatorum.

580 4069 656 4128 zoor·
677 4095 722 4168 ro..
823 4073 948 4166 Captis
967 4074 1134 4169 quinque
1152 4081 1322 4177 regibus,
1349 4086 1447 4159 <urit
1465 4089 1578 4164 Josue
1600 4091 1647 4164 ad
1664 4096 1872 4192 principes,
1896 4105 1984 4197 quir
2005 4123 2115 4176 serum

774 4179 881 4278 erant
905 4193 912 4235 :
935 4169 994 4279 ,Ite
1010 4178 1046 4240 et
1070 4173 1196 4266 ponite
1214 4177 1324 4268 pedes
1344 4194 1488 4262 vestros
1512 4213 1624 4288 super
1649 4191 1742 4269 oolla
1767 4215 1903 4292 regum
1928 4199 2091 4278 istorum
2108 4205 2122 4260 :3

772 4259 894 4341 Nolite
915 4275 1070 4365 timere7,
1089 4291 1159 4344 nec
1178 4277 1362 4368 pareatis..
