4452 5462
2 535 6 583 ⁵
177 454 442 606 Tl'sslLUS
464 484 717 599 CLXXVII.
741 506 940 594 Verbum
963 501 1050 592 Dei
1077 463 1244 616 praedic.
1270 599 1273 610 1
1295 457 1375 584 etei
1405 496 1484 584 325

178 745 281 818 Misit
299 723 482 818 Dominus
507 735 707 832 discipulos
729 761 815 808 suos
834 733 961 808 dicens
981 758 989 803 :
1008 734 1172 822 Euntes,
1189 727 1405 824 praedioate,
1428 722 1487 796 di·
1502 725 1600 780 Μ·
1620 739 1663 778 ¹⁰·

133 853 256 912 centes
276 837 407 1006 :6Quia
433 833 746 931 appropinquavit
771 855 928 926 regnum
954 826 1143 901 ooelorum.
1173 821 1298 897 Simile
1327 820 1488 893 habetur

134 939 246 1008 Marc.
273 959 285 1005 r
317 988 326 1005 .
1181 985 1182 992 κ

182 1022 531 1120 PetrusApost'olus
549 1021 591 1092 in
610 1018 670 1092 die
690 1022 924 1093 Pentecostes
939 1032 1013 1092 tam
1037 1017 1233 1090 efficaciter
1253 1007 1487 1108 praedicarit,
1504 1016 1594 1072 seur.
1605 1029 1632 1067 ¹·

137 1121 238 1218 quod
253 1123 301 1191 ba
326 1119 626 1190 tizabanturnna
638 1117 697 1187 die
714 1113 814 1188 3ooo.
834 1111 1043 1186 hominum.
1064 1113 1112 1183 Et
1128 1111 1199 1182 alia
1221 1110 1300 1182 vioe
1319 1106 1490 1214 similiter·

137 1216 185 1381 gd
211 1240 234 1309 p
315 1213 509 1310 ‘ostionem
536 1210 653 1306 ipsius
682 1208 805 1314 factus
831 1220 886 1298 est
909 1232 1094 1282 numerus
1122 1202 1353 1278 credentium
1382 1223 1490 1310 quast

162 1332 241 1380 000·
407 1329 414 1342 ,

187 1401 486 1476 Ministrantibus
513 1417 551 1477 et
581 1401 844 1513 jejunantibus
873 1400 1062 1498 prophetis
1091 1410 1127 1472 et
1164 1395 1398 1482 doctoribus,
1422 1389 1490 1487 qui
1505 1384 1595 1443 *⁰²0*
1616 1376 1653 1432 ¹³·

138 1509 245 1569 erant
262 1498 486 1589 Antioohiae,
508 1498 608 1570 dixrt
629 1499 787 1592 Spiritus
806 1498 962 1576 Sanctus
981 1523 1002 1573 :.
1015 1498 1203 1590 segregate
1219 1491 1314 1564 mihi
1329 1487 1490 1560 Paulum

138 1604 175 1662 et
191 1591 407 1662 Barnabam.
427 1593 614 1687 Sequitur:
632 1593 707 1685 Ipsi
729 1591 880 1686 quidem
903 1591 1044 1663 missia
1064 1591 1206 1686 Spiritu
1216 1589 1376 1682 Sancte,
1394 1605 1491 1679 prae-

139 1683 311 1754 dioabant
332 1685 489 1755 verbum
512 1685 580 1754 Dei
602 1685 642 1754 in
674 1688 873 1780 synagogis
891 1685 1118 1756 Judoeorum.

184 1777 229 1846 In
265 1772 376 1845 domo
397 1775 559 1847 Cornelii
601 1776 799 1852 medicante
830 1780 957 1865 Petro,
989 1779 1120 1844 cecidit
1142 1778 1309 1866 spiritus
1332 1777 1489 1842 Sanam
1504 1789 1652 1842 Actu-10.

130 1893 181 1942 -su
227 1895 249 1940 r
266 1891 412 1959 omnes,
432 1869 499 1963 qui
520 1801 719 1940 audiebant
743 1871 902 1940 verbum
926 1870 1015 1956 Dei,
1043 1879 1080 1938 et
1094 1865 1206 1962 jussit
1217 1891 1279 1936 eos
1296 1863 1487 1956 baptizari.

216 1965 336 2038 eversi
361 1973 450 2033 sunt
471 1960 610 2033 Paulus
633 1974 670 2031 et
695 1959 882 2031 Barnabas
913 1960 1061 2056 Lystn's
1082 1960 1271 2046 leonium,
1299 1969 1336 2027 et
1357 1957 1490 2026 Antio·
1506 1976 1598 2029 acur.
1612 1976 1654 2043 rt.

135 2056 283 2149 chiam,
312 2055 574 2128 confirmantes
599 2055 742 2150 animas
766 2051 1055 2150 discipulorum,
1084 2066 1122 2126 et
1150 2051 1415 2142 exhortantes,
1446 2060 1491 2120 ut

133 2161 398 2248 permanerent
418 2150 460 2223 in
485 2149 568 2222 fide.
811 2149 815 2156 ’

185 2246 280 2318 Cum
295 2245 434 2318 Paulus
456 2247 608 2318 vinctus
625 2268 748 2316 coram
759 2245 919 2340 Agrippa
935 2243 1031 2338 Rege
1049 2253 1085 2314 et
1100 2243 1210 2315 Festo
1227 2239 1388 2312 Praeside
1404 2262 1493 2309 cau·
1508 2242 1600 2295 acer.
1611 2241 1657 2296 ²⁶·

133 2365 216 2413 sam
239 2339 400 2506 dpioeret‚
426 2339 588 2438 Agrippa
609 2339 709 2412 dixit
734 2342 799 2413 ei:
830 2341 877 2440 ln
895 2337 1041 2413 modico
1074 2337 1205 2412 suades
1225 2362 1285 2409 me
1310 2333 1493 2406 Christia-

131 2457 229 2508 num
291 2461 355 2508 err.
997 2473 1001 2484 ·

184 2527 340 2602 Factum
365 2541 421 2601 est
436 2531 577 2622 loonii,
604 2543 648 2604 ut
665 2532 805 2605 Paulus
829 2543 866 2604 et
879 2531 1079 2620 ,Barnabas
1097 2528 1296 2605 introirent
1313 2526 1356 2598 in
1378 2529 1603 2622 syna-'Actor
1616 2527 1659 2596 ²4·

135 2647 267 2718 gogam
297 2623 515 2727 ludaeorum
537 2638 575 2699 et
597 2627 862 2725 loquerentur,
880 2628 934 2720 ita
959 2641 1003 2702 ut
1026 2627 1191 2700 crederet
1213 2622 1235 2695 J
1238 2621 1432 2696 udaeorum
1446 2616 1495 2719 ‘et

134 2719 352 2791 Graecorum
378 2722 524 2814 copiosa
549 2722 762 2796 multitudo.

184 2811 290 2884 Visio
306 2838 372 2909 per
389 2827 536 2887 noctem
558 2815 675 2889 Paulo
694 2817 776 2892 visa
788 2827 844 2889 est
856 2841 863 2885 :
875 2816 945 2891 Vir
963 2817 1115 2890 Macedo
1131 2815 1284 2913 quidam
1300 2822 1379 2884 erat
1391 2821 1495 2883 stans
1513 2823 1605 2878 aeros
1620 2819 1661 2875 rs

134 2917 174 2978 et
202 2906 420 3002 deprecans,
442 2909 568 2982 dicens
586 2933 594 2976 :
615 2913 802 2982 transiens
823 2913 865 2982 in
890 2912 1160 3014 Macedoniarn,
1182 2933 1357 2984 succurre
1374 2905 1494 2978 nobis.

134 2999 313 3088 Sequitur
338 3028 346 3067 :
372 3005 426 3072 Ut
455 3013 580 3072 autern
602 3005 729 3075 visum
749 3001 868 3092 vidit,
891 3006 1016 3074 statim
1041 2999 1286 3096 quaesrvimus
1310 2995 1497 3087 proficisci

135 3088 447 3252 inlttlacpldoniam
460 3140 471 3177 ‚
486 3093 578 3159 certi
599 3093 710 3181 facti,
728 3093 831 3183 quod
847 3095 1102 3184 vocdssetqnos
1113 3091 1300 3158 Dominus
1321 3085 1368 3155 ad
1379 3111 1495 3161 evan-
1624 3177 1627 3183 Ι

163 3204 281 3252 ercan
311 3204 375 3250 um
403 3204 484 3251 ers.-

135 3204 161 3276 g
188 3274 298 3346 Multi
320 3271 600 3358 Corinthiorum
620 3273 813 3347 audientes
830 3276 990 3350 Paulum
1007 3275 1293 3370 praedicantem,
1316 3275 1495 3369 praedica-
1513 3299 1606 3354 Actor.
1620 3301 1662 3355 rs.

134 3368 280 3442 tionem
313 3366 511 3439 credebant
532 3379 570 3439 et
584 3368 879 3464 baptizabantur.
900 3371 1009 3442 Dixit
1031 3382 1157 3441 autem
1175 3370 1359 3442 Dominus
1385 3383 1494 3443 nocte

133 3461 257 3535 Paulo
273 3489 339 3558 per
360 3461 571 3536 visionem:
600 3461 685 3534 Noli
709 3464 860 3554 timere,
880 3462 944 3535 sed
969 3463 1121 3560 loquere
1145 3491 1152 3532 :
1176 3489 1225 3535 ne
1240 3476 1379 3555 mosas,
1404 3467 1495 3559 quia

134 3581 206 3652 ego
234 3581 318 3629 sum
349 3568 491 3646 tecum,
521 3567 558 3628 et
579 3581 690 3629 nemo
714 3570 872 3655 apponet
894 3613 905 3649 ,
927 3572 971 3632 ut
994 3568 1123 3632 noceat
1145 3559 1225 3631 tibi.

188 3651 320 3746 Apollo
338 3654 399 3724 vir
423 3649 577 3724 Judoeus
593 3651 870 3726 Alexandrinus
888 3677 1020 3748 genere
1036 3665 1114 3726 erat
1131 3653 1284 3727 edoctus
1298 3654 1400 3730 triam
1416 3655 1492 3726 Do-
1514 3667 1625 3722 asten.

133 3744 235 3819 mini
247 3744 433 3910 ‚errvens
463 3746 603 3842 Spiritu
619 3747 858 3844 loquebatur,
875 3761 913 3822 et
932 3748 1086 3823 docebat
1107 3747 1303 3846 diligenter
1328 3775 1386 3844 ee,
1407 3773 1491 3848 quae

136 3851 232 3916 sunt
281 3865 360 3912 esu.
1243 3847 1247 3861 ’
1345 3909 1348 3919 k
1618 3859 1620 3866 ⁴

188 3933 297 4028 Apud
340 3934 531 4028 Ephesum
568 3937 707 4010 Paulus
743 3939 889 4011 intrans
936 3943 978 4012 in
1015 3930 1016 3937 ἵ
1064 3965 1240 4037 nagogam
1272 3939 1489 4018 ludaeorum
1509 3955 1600 4013 Actor.
1614 3977 1656 4032 ις.

133 4051 228 4099 oum
252 4026 389 4100 fiduom
410 4029 870 4128 loquebatur,.disputans
896 4047 933 4109 et
954 4062 1021 4109 sua
1047 4063 1113 4108 ens
1132 4036 1178 4109 de
1198 4061 1312 4132 regno
1333 4037 1411 4109 Dei.
1512 4075 1514 4080 s

188 4121 358 4230 Quadam
380 4121 460 4214 die,
495 4147 580 4197 oum
607 4128 648 4198 in
679 4130 883 4202 crastinum
905 4129 1139 4226 profecturus
1163 4155 1370 4204 sermonem
1401 4157 1489 4226 pro-
1506 4161 1595 4215 asur.
1608 4173 1652 4227 ρο.

131 4227 317 4288 traxisset
352 4217 543 4312 usquead
569 4219 728 4292 mediam
749 4235 918 4314 noctem,
943 4225 1095 4319 quidam
1113 4224 1323 4298 adolescens
1338 4251 1490 4324 oppres-

133 4334 206 4383 sus
227 4333 358 4383 somno
381 4311 512 4384 cecidit
528 4311 573 4384 de
585 4309 765 4404 fenestra,
793 4328 830 4387 et
852 4317 1019 4391 sublatus
1042 4330 1289 4393 estmortuus
1307 4319 1364 4392 Ad
1375 4345 1489 4415 quem

133 4425 230 4476 cum
248 4401 495 4478 descendisset
516 4406 676 4499 Paulus,
705 4420 743 4480 et
765 4413 976 4484 s'usoitrisset
997 4439 1111 4505 eum,
1142 4439 1273 4487 rursus
1303 4413 1489 4514 ascendit,

132 4508 181 4600 „ot
205 4495 387 4577 allocutus
408 4512 465 4576 est
494 4527 558 4606 eos
577 4527 700 4602 usque
722 4505 765 4584 in
786 4503 931 4604 lucem,
952 4519 989 4604 et
1019 4508 1072 4590 sic
1092 4507 1282 4606 profectus
1302 4520 1370 4608 est,
