4502 5484
499 465 760 555 'HTULUS
796 464 869 550 IX.
896 465 1115 549 Ambitio·
1396 535 1398 541 s
1457 464 1505 570 33

209 687 345 760 Sellum
369 687 471 758 lilius
499 687 607 758 Jabes
634 685 846 780 conjuravit
865 695 993 756 contra
1013 681 1228 754 Zachariam
1250 707 1372 777 regem
1394 676 1508 750 Isra'el
1526 685 1552 754 t·
1568 687 1631 751 aeg.
1647 679 1688 738 ¹5·

161 781 355 854 dominum
376 807 505 872 suum,
526 795 561 853 et
575 778 761 853 interfecit
777 803 878 869 euru,
897 790 933 850 et
946 779 1116 872 regnavit
1132 803 1199 873 pro
1215 805 1258 850 eo
1277 803 1354 850 uuo
1369 799 1507 846 mense.
1561 795 1566 804 ·
1618 799 1624 812 ¹

210 875 551 948 Nabuchodonosor
564 901 635 948 rex
651 875 893 969 Assyriorum
908 873 1058 947 vocavit
1077 873 1394 944 duces'bellatores
1407 895 1511 957 sum,
1527 887 1630 944 tudith.
1649 901 1675 935 2.

163 969 357 1065 dixitque,
379 972 638 1064 cogitationem
657 994 762 1041 suam
783 967 825 1041 in
848 993 891 1040 eo
918 983 1089 1062 esse,·ut
1114 995 1262 1041 omnem
1284 980 1422 1060 terram
1442 989 1510 1037 suo

164 1064 379 1160 subjugaret
408 1066 574 1158 imperio.
1526 1077 1528 1082 ’

211 1160 409 1230 Ambitiosi
431 1171 468 1229 et
490 1157 640 1250 superbi
660 1155 744 1248 plus
768 1159 985 1252 affliguntur
1004 1157 1049 1230 de
1072 1162 1220 1252 pauciS,
1243 1159 1309 1252 qui
1332 1184 1392 1228 eos
1418 1180 1515 1250 prae-
1532 1174 1608 1228 mah.
1627 1169 1653 1221 5.
1754 1178 1758 1186 “

165 1250 325 1342 cedunt,
345 1250 409 1323 vel
435 1252 487 1321 eis
517 1274 595 1319 nou
624 1249 822 1343 obediunt,
851 1275 964 1345 quam
989 1254 1165 1322 laetentur
1199 1251 1244 1322 de
1275 1251 1422 1340 multis,
1449 1253 1516 1344 qui

166 1369 228 1416 eos
252 1357 462 1439 sequuntur
484 1343 546 1416 vel
572 1343 832 1436 obsequuntur
854 1346 916 1415 eis.
941 1343 1052 1415 Unde
1078 1345 1259 1438 superbus
1278 1345 1422 1432 Amau,
1447 1347 1516 1439 qui

166 1427 246 1509 e'rat
270 1437 456 1510 secundus
481 1464 503 1508 a
531 1461 636 1532 rege,
663 1449 698 1530 et
723 1435 818 1510 filios
846 1449 883 1509 et
909 1437 1059 1511 divitias
1087 1435 1225 1510 mullas
1251 1437 1430 1528 habebat,
1461 1435 1518 1508 nil

167 1558 206 1604 se
237 1531 374 1604 habere
398 1533 575 1628 putabat,
604 1529 783 1628 quamdiu
815 1531 966 1607 videbat
998 1531 1275 1606 Mardochaeum
1304 1546 1391 1604 ante
1421 1531 1520 1604 fores

166 1652 207 1699 re
233 1626 284 1698 ‘as
316 1637 382 1698 etc.
781 1681 784 1688 .
1440 1662 1444 1670 ’

165 1767 168 1778 ·
208 1651 372 1796 tiludivit
402 1724 535 1815 Seron,
562 1723 663 1819 quod
695 1725 930 1820 congregavit
959 1723 1075 1797 Judas
1108 1722 1298 1796 ecclesiam
1332 1721 1523 1813 fidelium,
1545 1753 1567 1786 ι.
1582 1729 1669 1784 uach.
1695 1730 1719 1779 ³.

166 1825 204 1887 et
234 1813 304 1887 alti
332 1816 480 1888 Faciam
501 1819 597 1891 mihi
617 1839 771 1913 nomen,
793 1833 831 1892 et
881 1819 1091 1892 lorificabor
1117 1821 1159 1892 in
1182 1845 1313 1916 regno,
1338 1831 1374 1890 et
1400 1816 1525 1890 debel-

168 1908 253 1981 labo
282 1911 304 1980 J
308 1912 437 1983 udam:
465 1914 544 2008 ipse
574 1915 647 1986 cito
669 1914 744 1986 fuit
771 1845 975 1988 debellatus
1005 1939 1027 1985 a
1054 1916 1162 1987 luda.

219 2005 401 2097 Alcimus,
428 2009 495 2100 qui
521 2008 672 2081 volebat
697 2034 867 2082 summus
903 2008 1071 2082 sacerdos
1098 2011 1201 2102 lieri,
1229 2008 1441 2104 etquidem
1464 2008 1571 2080 aliis.
1596 2023 1683 2079 meh.
1699 2038 1723 2105 ⁷:

170 2097 295 2190 iniqui
326 2098 371 2166 de
401 2101 539 2192 populo
567 2102 803 2193 Judaeorum,
829 2105 1089 2176 veneruntad
1125 2129 1248 2198 regem
1273 2104 1528 2192 Demetrium,

173 2189 338 2255 dicentes
369 2193 424 2258 ei:
454 2193 621 2264 Perdidit
645 2195 764 2268 ludas
792 2209 829 2268 et
853 2195 987 2269 fratres
1013 2200 1095 2290 ejus
1117 2200 1255 2272 amicos
1275 2209 1381 2289 tuos,
1402 2211 1439 2270 et
1458 2219 1527 2268 nos

174 2273 394 2366 disperdidit
418 2276 464 2344 de
493 2293 593 2346 terra
619 2300 759 2348 nostra.
1500 2279 1543 2298 ⁴*

222 2367 447 2437 Ptolomaeus
463 2391 533 2436 rex
545 2371 696 2460 AEgypti
715 2369 838 2442 voluit
852 2368 939 2441 dolo
964 2378 1170 2466 opprimere
1194 2407 1353 2470 regnum
1367 2383 1532 2448 Alexan·
1553 2402 1673 2456 aunt.
1688 2415 1727 2450 ιι.

175 2461 265 2551 dri,
298 2470 335 2529 et
372 2458 523 2530 taudem
556 2459 749 2549 obtinuit,
777 2460 992 2532 Alexandro
1029 2465 1176 2536 devicto
1207 2475 1243 2536 et
1277 2470 1319 2539 in
1359 2468 1534 2538 Arabiam

176 2555 326 2650 fugato,
344 2563 381 2624 et
412 2553 565 2626 abstulit
586 2552 735 2624 Zabdiel
758 2555 875 2625 Arabs
898 2567 1010 2648 caput
1033 2557 1239 2628 Alexandri
1264 2571 1300 2630 et
1323 2561 1425 2631 misit
1443 2561 1533 2631 Pto-

176 2652 330 2738 lomaeo,
357 2648 424 2743 qui
455 2674 589 2743 parum
645 2650 772 2720 avisus
806 2661 884 2738 est,
910 2650 1000 2743 quia
1030 2664 1202 2723 mortuus
1232 2665 1288 2723 est
1321 2653 1381 2725 die
1412 2657 1531 2726 tertia.

224 2744 449 2815 Ptolomaeus
468 2743 569 2815 filius
590 2743 621 2814 A
671 2744 711 2814 bi
736 2741 898 2814 habebat
922 2757 1117 2837 argeutum
1145 2759 1181 2818 et
1200 2771 1336 2819 aurum
1358 2749 1532 2822 multum.
1556 2759 1679 2850 ruach.
1692 2757 1732 2810 ις.

177 2838 398 2912 Exultatum
433 2862 497 2910 cor
533 2842 615 2935 ejus
650 2849 728 2926 est,
761 2849 798 2909 et
834 2837 984 2910 volebat
1014 2837 1182 2913 obtinere
1218 2843 1426 2936 regionem,
1460 2871 1535 2940 qua

177 2933 369 3100 {imasissif
392 2934 592 3027 proditiose
621 2931 754 3006 occidit
787 2935 977 3006 Simonem
1002 2960 1194 3010 summum
1224 2937 1468 3032 sacerdotem,
1499 2951 1537 3011 et

205 3055 272 3101 uos
350 3053 391 3100 os
420 3054 512 3100 eus.
1015 3048 1022 3062 ·

230 3123 425 3194 Ambiebat
439 3055 565 3194 JJason
592 3146 704 3218 super
727 3148 856 3195 omnes
890 3149 1081 3198 summurn
1109 3127 1367 3220 sacerdotium,
1387 3143 1539 3225 propter
1557 3159 1582 3196 α.
1597 3140 1685 3195 meh.
1705 3139 1734 3204 t·

184 3214 258 3285 hoc
279 3214 370 3284 adiit
392 3241 514 3309 regem
538 3215 769 3290 Antiochum
790 3217 972 3311 nobilem,
994 3223 1215 3314 promittens
1238 3225 1273 3293 ei
1296 3223 1375 3296 360.
1396 3227 1539 3318 argenti

185 3305 327 3378 talenta
357 3319 394 3376 et
423 3310 540 3380 multa
562 3311 643 3381 alia.
674 3311 784 3400 Quod
815 3337 902 3384 cum
924 3339 995 3385 rex
1026 3317 1237 3404 annuisset,
1267 3317 1411 3390 modico
1443 3333 1541 3389 tem-

184 3425 274 3498 pore
300 3396 495 3470 sacerdotii
520 3403 663 3474 honore
690 3407 844 3477 functus
867 3418 945 3497 est,
965 3409 1054 3502 quia
1076 3411 1284 3500 Menelaus,
1302 3438 1412 3504 quem
1437 3413 1540 3482 misit

185 3495 232 3567 ad
262 3490 510 3582 Antiochum,
538 3497 688 3566 retorsit
711 3499 753 3566 in
776 3524 813 3568 se
839 3526 1029 3597 summum
1059 3503 1321 3593 sacerdotium,
1343 3507 1410 3599 qui
1428 3508 1543 3575 etiam

188 3592 263 3661 cito
288 3585 364 3657 fuit
390 3597 560 3680 amotus,
588 3599 625 3657 et
651 3587 900 3682 Lysimachus
926 3593 1041 3660 freter
1068 3598 1149 3686 ejus
1169 3595 1252 3664 loco
1277 3597 1378 3666 illius
1403 3597 1542 3668 substi-

189 3695 307 3755 tutus.
1231 3747 1235 3758 ,

239 3776 334 3845 Cum
363 3773 519 3848 vidisset
548 3775 699 3867 Simon,
718 3776 807 3871 quia
828 3801 894 3872 per
923 3778 1195 3872 impositionem
1219 3805 1402 3856 manuum
1425 3786 1619 3880 apos-set·
1643 3794 1678 3846 δὲ-

191 3868 353 3942 tolorum
377 3867 529 3941 daretur
550 3870 708 3964 Spiritus
736 3883 900 3963 sauctus,
923 3871 1059 3944 obtulit
1084 3874 1137 3974 eip
1161 3869 1379 3971 pecuniam,
1397 3879 1541 3954 diceus:

182 3965 284 4034 'Date
315 3963 411 4035 mihi
445 3961 543 4035 hanc
573 3975 813 4058 potestatem,
834 3976 879 4037 ut
909 3966 1120 4061 cuicunque
1147 3971 1359 4066 imposuero
1384 4001 1546 4068 manus,

194 4056 349 4150 accipiat
370 4057 548 4152 Spiritum
571 4071 752 4131 sanctum.
779 4061 922 4140 Petrus,
940 4071 1064 4136 autem
1091 4061 1189 4142 dixit
1216 4068 1271 4142 ei:
1298 4069 1462 4144 Pecunia
1477 4083 1554 4146 tua

194 4161 321 4244 tectam
342 4151 390 4227 eit
420 4151 462 4230 in
490 4152 757 4257 perditionem
