<?xml version="1.0" encoding="UTF-8"?>
<!DOCTYPE html PUBLIC "-//W3C//DTD XHTML 1.0 Transitional//EN"
    "http://www.w3.org/TR/xhtml1/DTD/xhtml1-transitional.dtd">
<html xmlns="http://www.w3.org/1999/xhtml" xml:lang="en" lang="en">
 <head>
  <title>
</title>
<meta http-equiv="Content-Type" content="text/html;charset=utf-8" />
  <meta name='ocr-system' content='tesseract 3.04.00' />
  <meta name='ocr-capabilities' content='ocr_page ocr_carea ocr_par ocr_line ocrx_word'/>
</head>
<body>
  <div class='ocr_page' id='page_1' title='image "./exemplabiblicai00hanagoog_0205.png"; bbox 0 0 4498 5462; ppageno 0'>
   <div class='ocr_carea' id='block_1_1' title="bbox 788 291 795 328">
    <p class='ocr_par' dir='ltr' id='par_1_1' title="bbox 788 291 795 328">
     <span class='ocr_line' id='line_1_1' title="bbox 788 291 795 328; baseline 0 0"><span class='ocrx_word' id='word_1_1' title='bbox 788 291 795 328; x_wconf 86' lang='lat' dir='ltr'>l</span> 
     </span>
    </p>
   </div>
   <div class='ocr_carea' id='block_1_2' title="bbox 749 345 1958 551">
    <p class='ocr_par' dir='ltr' id='par_1_2' title="bbox 749 345 1958 551">
     <span class='ocr_line' id='line_1_2' title="bbox 749 345 1958 551; baseline 0.048 -87"><span class='ocrx_word' id='word_1_2' title='bbox 749 446 833 551; x_wconf 76' lang='lat'>‘190</span> <span class='ocrx_word' id='word_1_3' title='bbox 937 345 952 366; x_wconf 20' lang='grc' dir='ltr'><em>κ</em></span> <span class='ocrx_word' id='word_1_4' title='bbox 1000 415 1265 524; x_wconf 77' lang='lat' dir='ltr'>TITULUS</span> <span class='ocrx_word' id='word_1_5' title='bbox 1301 421 1385 514; x_wconf 82' lang='lat' dir='ltr'>cll.</span> <span class='ocrx_word' id='word_1_6' title='bbox 1429 421 1553 512; x_wconf 87' lang='lat' dir='ltr'>Mors</span> <span class='ocrx_word' id='word_1_7' title='bbox 1598 425 1645 510; x_wconf 85' lang='lat' dir='ltr'>in</span> <span class='ocrx_word' id='word_1_8' title='bbox 1683 435 1857 544; x_wconf 75' lang='lat' dir='ltr'>genere.</span> <span class='ocrx_word' id='word_1_9' title='bbox 1951 411 1958 420; x_wconf 53' lang='grc'><strong>’</strong></span> 
     </span>
    </p>
   </div>
   <div class='ocr_carea' id='block_1_3' title="bbox 438 640 2119 2750">
    <p class='ocr_par' dir='ltr' id='par_1_3' title="bbox 551 640 2119 1027">
     <span class='ocr_line' id='line_1_3' title="bbox 551 640 2114 742; baseline 0.002 -19"><span class='ocrx_word' id='word_1_10' title='bbox 551 669 648 742; x_wconf 59' lang='grc' dir='ltr'>μοι.</span> <span class='ocrx_word' id='word_1_11' title='bbox 660 686 683 726; x_wconf 84' lang='grc' dir='ltr'>ι.</span> <span class='ocrx_word' id='word_1_12' title='bbox 702 683 728 722; x_wconf 82' lang='lat'>2.</span> <span class='ocrx_word' id='word_1_13' title='bbox 798 649 980 722; x_wconf 84' lang='lat' dir='ltr'>Ochozias</span> <span class='ocrx_word' id='word_1_14' title='bbox 1000 650 1098 740; x_wconf 85' lang='lat' dir='ltr'>Rex,</span> <span class='ocrx_word' id='word_1_15' title='bbox 1124 673 1211 720; x_wconf 91' lang='lat' dir='ltr'>cum</span> <span class='ocrx_word' id='word_1_16' title='bbox 1233 653 1444 741; x_wconf 83' lang='lat' dir='ltr'>aegrotaret,</span> <span class='ocrx_word' id='word_1_17' title='bbox 1461 640 1565 714; x_wconf 88' lang='lat' dir='ltr'><strong>misit</strong></span> <span class='ocrx_word' id='word_1_18' title='bbox 1586 645 1749 718; x_wconf 87' lang='lat' dir='ltr'><strong>nuncios</strong></span> <span class='ocrx_word' id='word_1_19' title='bbox 1770 645 1817 718; x_wconf 89' lang='lat' dir='ltr'>ad</span> <span class='ocrx_word' id='word_1_20' title='bbox 1833 649 2114 726; x_wconf 86' lang='lat' dir='ltr'>consulendum</span> 
     </span>
     <span class='ocr_line' id='line_1_4' title="bbox 747 737 2119 836; baseline 0 -16"><span class='ocrx_word' id='word_1_21' title='bbox 747 746 956 820; x_wconf 84' lang='lat' dir='ltr'>Beelzebub</span> <span class='ocrx_word' id='word_1_22' title='bbox 979 745 1099 817; x_wconf 89' lang='lat' dir='ltr'>Deum</span> <span class='ocrx_word' id='word_1_23' title='bbox 1120 747 1287 816; x_wconf 85' lang='lat' dir='ltr'>Accaron</span> <span class='ocrx_word' id='word_1_24' title='bbox 1310 765 1421 836; x_wconf 89' lang='lat' dir='ltr'>super</span> <span class='ocrx_word' id='word_1_25' title='bbox 1441 737 1660 811; x_wconf 84' lang='lat' dir='ltr'>infirmitate</span> <span class='ocrx_word' id='word_1_26' title='bbox 1679 766 1758 814; x_wconf 83' lang='lat' dir='ltr'>sua.</span> <span class='ocrx_word' id='word_1_27' title='bbox 1779 741 1848 814; x_wconf 79' lang='lat' dir='ltr'>sed</span> <span class='ocrx_word' id='word_1_28' title='bbox 1873 747 2026 818; x_wconf 91' lang='lat' dir='ltr'>nunciis</span> <span class='ocrx_word' id='word_1_29' title='bbox 2041 773 2119 830; x_wconf 78' lang='lat' dir='ltr'>oc-‚</span> 
     </span>
     <span class='ocr_line' id='line_1_5' title="bbox 744 833 2112 937; baseline -0.001 -22"><span class='ocrx_word' id='word_1_30' title='bbox 744 867 902 916; x_wconf 87' lang='lat' dir='ltr'>currens</span> <span class='ocrx_word' id='word_1_31' title='bbox 924 841 1024 912; x_wconf 88' lang='lat' dir='ltr'>Elias</span> <span class='ocrx_word' id='word_1_32' title='bbox 1046 841 1221 937; x_wconf 88' lang='lat' dir='ltr'>imperat,</span> <span class='ocrx_word' id='word_1_33' title='bbox 1244 851 1289 911; x_wconf 91' lang='lat' dir='ltr'>ut</span> <span class='ocrx_word' id='word_1_34' title='bbox 1310 836 1471 908; x_wconf 92' lang='lat' dir='ltr'>Domino</span> <span class='ocrx_word' id='word_1_35' title='bbox 1498 858 1567 906; x_wconf 92' lang='lat' dir='ltr'>suo</span> <span class='ocrx_word' id='word_1_36' title='bbox 1607 839 1902 910; x_wconf 76' lang='lat' dir='ltr'>renuntiarent:</span> <span class='ocrx_word' id='word_1_37' title='bbox 1929 833 2112 937; x_wconf 80' lang='lat' dir='ltr'>nunquid</span> 
     </span>
     <span class='ocr_line' id='line_1_6' title="bbox 746 928 2112 1027; baseline -0.002 -16"><span class='ocrx_word' id='word_1_38' title='bbox 746 965 826 1011; x_wconf 89' lang='lat' dir='ltr'>non</span> <span class='ocrx_word' id='word_1_39' title='bbox 852 949 908 1008; x_wconf 91' lang='lat' dir='ltr'>est</span> <span class='ocrx_word' id='word_1_40' title='bbox 934 939 1036 1008; x_wconf 90' lang='lat' dir='ltr'>Deus</span> <span class='ocrx_word' id='word_1_41' title='bbox 1059 937 1100 1007; x_wconf 93' lang='lat' dir='ltr'>in</span> <span class='ocrx_word' id='word_1_42' title='bbox 1122 936 1259 1027; x_wconf 68' lang='lat' dir='ltr'>Ismil,</span> <span class='ocrx_word' id='word_1_43' title='bbox 1276 944 1321 1006; x_wconf 85' lang='lat' dir='ltr'>ut</span> <span class='ocrx_word' id='word_1_44' title='bbox 1354 932 1445 1002; x_wconf 88' lang='lat' dir='ltr'>eatis</span> <span class='ocrx_word' id='word_1_45' title='bbox 1475 928 1522 999; x_wconf 88' lang='lat' dir='ltr'>ad</span> <span class='ocrx_word' id='word_1_46' title='bbox 1553 931 1830 1006; x_wconf 89' lang='lat' dir='ltr'>consulendum</span> <span class='ocrx_word' id='word_1_47' title='bbox 1868 935 2112 1010; x_wconf 79' lang='lat' dir='ltr'>Beelzebub?</span> 
     </span>
    </p>

    <p class='ocr_par' dir='ltr' id='par_1_4' title="bbox 617 1023 2111 1126">
     <span class='ocr_line' id='line_1_7' title="bbox 617 1023 2111 1126; baseline -0.002 -19"><span class='ocrx_word' id='word_1_48' title='bbox 617 1045 622 1060; x_wconf 92' lang='lat'>&#39;</span> <span class='ocrx_word' id='word_1_49' title='bbox 746 1035 871 1123; x_wconf 88' lang='lat' dir='ltr'>Quam</span> <span class='ocrx_word' id='word_1_50' title='bbox 905 1033 1054 1104; x_wconf 88' lang='lat' dir='ltr'>obrem</span> <span class='ocrx_word' id='word_1_51' title='bbox 1077 1031 1158 1104; x_wconf 79' lang='lat' dir='ltr'>hoec</span> <span class='ocrx_word' id='word_1_52' title='bbox 1181 1030 1271 1102; x_wconf 84' lang='lat' dir='ltr'>dicit</span> <span class='ocrx_word' id='word_1_53' title='bbox 1299 1026 1511 1099; x_wconf 86' lang='lat' dir='ltr'>Dominus:</span> <span class='ocrx_word' id='word_1_54' title='bbox 1530 1023 1576 1096; x_wconf 87' lang='lat' dir='ltr'>de</span> <span class='ocrx_word' id='word_1_55' title='bbox 1600 1025 1753 1118; x_wconf 87' lang='lat' dir='ltr'>lectule,</span> <span class='ocrx_word' id='word_1_56' title='bbox 1780 1053 1893 1126; x_wconf 86' lang='lat' dir='ltr'>snper</span> <span class='ocrx_word' id='word_1_57' title='bbox 1914 1055 2028 1126; x_wconf 89' lang='lat' dir='ltr'>quem</span> <span class='ocrx_word' id='word_1_58' title='bbox 2046 1059 2111 1106; x_wconf 86' lang='lat' dir='ltr'>as-</span> 
     </span>
    </p>

    <p class='ocr_par' dir='ltr' id='par_1_5' title="bbox 744 1121 1694 1219">
     <span class='ocr_line' id='line_1_8' title="bbox 744 1121 1694 1219; baseline -0.011 -19"><span class='ocrx_word' id='word_1_59' title='bbox 744 1129 920 1219; x_wconf 87' lang='lat' dir='ltr'>cendisti,</span> <span class='ocrx_word' id='word_1_60' title='bbox 936 1153 1014 1200; x_wconf 92' lang='lat' dir='ltr'>non</span> <span class='ocrx_word' id='word_1_61' title='bbox 1031 1126 1252 1219; x_wconf 84' lang='lat' dir='ltr'>descendes,</span> <span class='ocrx_word' id='word_1_62' title='bbox 1280 1122 1345 1197; x_wconf 89' lang='lat' dir='ltr'>sed</span> <span class='ocrx_word' id='word_1_63' title='bbox 1371 1133 1491 1194; x_wconf 85' lang='lat' dir='ltr'>morte</span> <span class='ocrx_word' id='word_1_64' title='bbox 1512 1121 1694 1193; x_wconf 85' lang='lat' dir='ltr'>morieris.</span> 
     </span>
    </p>

    <p class='ocr_par' dir='ltr' id='par_1_6' title="bbox 551 1215 2107 1511">
     <span class='ocr_line' id='line_1_9' title="bbox 551 1215 2107 1325; baseline -0.001 -29"><span class='ocrx_word' id='word_1_65' title='bbox 551 1237 729 1310; x_wconf 60' lang='lat' dir='ltr'>ananan.</span> <span class='ocrx_word' id='word_1_66' title='bbox 794 1225 937 1320; x_wconf 86' lang='lat' dir='ltr'>Impius</span> <span class='ocrx_word' id='word_1_67' title='bbox 959 1235 997 1294; x_wconf 89' lang='lat' dir='ltr'>et</span> <span class='ocrx_word' id='word_1_68' title='bbox 1020 1225 1201 1318; x_wconf 87' lang='lat' dir='ltr'>superbus</span> <span class='ocrx_word' id='word_1_69' title='bbox 1224 1217 1435 1293; x_wconf 82' lang='lat' dir='ltr'>Antiochus</span> <span class='ocrx_word' id='word_1_70' title='bbox 1452 1243 1519 1312; x_wconf 90' lang='lat' dir='ltr'>per</span> <span class='ocrx_word' id='word_1_71' title='bbox 1542 1215 1738 1325; x_wconf 85' lang='lat' dir='ltr'>morbum,</span> <span class='ocrx_word' id='word_1_72' title='bbox 1756 1217 1797 1288; x_wconf 92' lang='lat' dir='ltr'>in</span> <span class='ocrx_word' id='word_1_73' title='bbox 1818 1243 1931 1314; x_wconf 90' lang='lat' dir='ltr'>quern</span> <span class='ocrx_word' id='word_1_74' title='bbox 1953 1221 2107 1317; x_wconf 86' lang='lat' dir='ltr'>incidit,</span> 
     </span>
     <span class='ocr_line' id='line_1_10' title="bbox 747 1313 2106 1416; baseline -0.001 -24"><span class='ocrx_word' id='word_1_75' title='bbox 747 1322 860 1416; x_wconf 87' lang='lat' dir='ltr'>coepit</span> <span class='ocrx_word' id='word_1_76' title='bbox 879 1323 919 1394; x_wconf 91' lang='lat' dir='ltr'>in</span> <span class='ocrx_word' id='word_1_77' title='bbox 938 1319 1185 1414; x_wconf 86' lang='lat' dir='ltr'>cognitionem</span> <span class='ocrx_word' id='word_1_78' title='bbox 1203 1319 1273 1390; x_wconf 87' lang='lat' dir='ltr'>Dei</span> <span class='ocrx_word' id='word_1_79' title='bbox 1292 1327 1329 1387; x_wconf 90' lang='lat' dir='ltr'>et</span> <span class='ocrx_word' id='word_1_80' title='bbox 1348 1314 1539 1408; x_wconf 89' lang='lat' dir='ltr'>suiipsius</span> <span class='ocrx_word' id='word_1_81' title='bbox 1564 1336 1717 1386; x_wconf 80' lang='lat' dir='ltr'>venare:</span> <span class='ocrx_word' id='word_1_82' title='bbox 1736 1313 1838 1384; x_wconf 91' lang='lat' dir='ltr'>unde</span> <span class='ocrx_word' id='word_1_83' title='bbox 1855 1317 2106 1392; x_wconf 84' lang='lat' dir='ltr'>exclamavit:</span> 
     </span>
     <span class='ocr_line' id='line_1_11' title="bbox 746 1405 2105 1511; baseline -0.001 -23"><span class='ocrx_word' id='word_1_84' title='bbox 746 1421 890 1511; x_wconf 87' lang='lat' dir='ltr'>justum</span> <span class='ocrx_word' id='word_1_85' title='bbox 914 1427 969 1487; x_wconf 88' lang='lat' dir='ltr'>est</span> <span class='ocrx_word' id='word_1_86' title='bbox 993 1413 1186 1486; x_wconf 90' lang='lat' dir='ltr'>subditum</span> <span class='ocrx_word' id='word_1_87' title='bbox 1202 1438 1281 1486; x_wconf 90' lang='lat' dir='ltr'>esse</span> <span class='ocrx_word' id='word_1_88' title='bbox 1298 1413 1391 1500; x_wconf 89' lang='lat' dir='ltr'>Deo,</span> <span class='ocrx_word' id='word_1_89' title='bbox 1403 1419 1439 1481; x_wconf 91' lang='lat' dir='ltr'>et</span> <span class='ocrx_word' id='word_1_90' title='bbox 1451 1405 1646 1480; x_wconf 77' lang='lat' dir='ltr'>mortalem</span> <span class='ocrx_word' id='word_1_91' title='bbox 1658 1431 1737 1480; x_wconf 92' lang='lat' dir='ltr'>non</span> <span class='ocrx_word' id='word_1_92' title='bbox 1748 1410 1851 1502; x_wconf 88' lang='lat' dir='ltr'>paria</span> <span class='ocrx_word' id='word_1_93' title='bbox 1862 1411 1940 1480; x_wconf 91' lang='lat' dir='ltr'>Deo</span> <span class='ocrx_word' id='word_1_94' title='bbox 1953 1415 2105 1486; x_wconf 87' lang='lat' dir='ltr'>sentire.</span> 
     </span>
    </p>

    <p class='ocr_par' dir='ltr' id='par_1_7' title="bbox 549 1502 2104 1696">
     <span class='ocr_line' id='line_1_12' title="bbox 549 1502 2104 1604; baseline 0.001 -24"><span class='ocrx_word' id='word_1_95' title='bbox 549 1527 648 1580; x_wconf 74' lang='lat' dir='ltr'>natu.</span> <span class='ocrx_word' id='word_1_96' title='bbox 665 1545 692 1596; x_wconf 79' lang='lat'>9.</span> <span class='ocrx_word' id='word_1_97' title='bbox 704 1542 729 1578; x_wconf 78' lang='lat'>2.</span> <span class='ocrx_word' id='word_1_98' title='bbox 796 1509 967 1582; x_wconf 87' lang='lat' dir='ltr'>Christus</span> <span class='ocrx_word' id='word_1_99' title='bbox 983 1509 1168 1582; x_wconf 88' lang='lat' dir='ltr'>Dominus</span> <span class='ocrx_word' id='word_1_100' title='bbox 1181 1510 1315 1604; x_wconf 75' lang='lat' dir='ltr'>saepius</span> <span class='ocrx_word' id='word_1_101' title='bbox 1332 1505 1493 1578; x_wconf 88' lang='lat' dir='ltr'>infirmis</span> <span class='ocrx_word' id='word_1_102' title='bbox 1508 1502 1653 1574; x_wconf 82' lang='lat' dir='ltr'>remisit</span> <span class='ocrx_word' id='word_1_103' title='bbox 1669 1515 1833 1596; x_wconf 84' lang='lat' dir='ltr'>peccata,</span> <span class='ocrx_word' id='word_1_104' title='bbox 1845 1515 2023 1598; x_wconf 88' lang='lat' dir='ltr'>antequm</span> <span class='ocrx_word' id='word_1_105' title='bbox 2037 1533 2104 1582; x_wconf 89' lang='lat' dir='ltr'>eos</span> 
     </span>
     <span class='ocr_line' id='line_1_13' title="bbox 748 1597 2100 1696; baseline -0.004 -18"><span class='ocrx_word' id='word_1_106' title='bbox 748 1618 912 1696; x_wconf 86' lang='lat' dir='ltr'>sanaret,</span> <span class='ocrx_word' id='word_1_107' title='bbox 923 1617 967 1678; x_wconf 91' lang='lat' dir='ltr'>nt</span> <span class='ocrx_word' id='word_1_108' title='bbox 979 1603 1304 1694; x_wconf 85' lang='lat' dir='ltr'>ostenderet,tum</span> <span class='ocrx_word' id='word_1_109' title='bbox 1315 1603 1371 1674; x_wconf 88' lang='lat' dir='ltr'>ori</span> <span class='ocrx_word' id='word_1_110' title='bbox 1399 1603 1497 1674; x_wconf 87' lang='lat' dir='ltr'>&#39;nem</span> <span class='ocrx_word' id='word_1_111' title='bbox 1514 1597 1724 1669; x_wconf 89' lang='lat' dir='ltr'>morborum</span> <span class='ocrx_word' id='word_1_112' title='bbox 1745 1621 1822 1668; x_wconf 89' lang='lat' dir='ltr'>esse</span> <span class='ocrx_word' id='word_1_113' title='bbox 1838 1610 2001 1690; x_wconf 88' lang='lat' dir='ltr'>peccata,</span> <span class='ocrx_word' id='word_1_114' title='bbox 2013 1611 2100 1674; x_wconf 89' lang='lat' dir='ltr'>tum</span> 
     </span>
    </p>

    <p class='ocr_par' dir='ltr' id='par_1_8' title="bbox 550 1627 2096 1796">
     <span class='ocr_line' id='line_1_14' title="bbox 550 1627 2096 1796; baseline -0.004 -23"><span class='ocrx_word' id='word_1_115' title='bbox 550 1711 712 1766; x_wconf 60' lang='lat' dir='ltr'>Lam-Sao·</span> <span class='ocrx_word' id='word_1_116' title='bbox 746 1703 933 1796; x_wconf 86' lang='lat' dir='ltr'>optimum</span> <span class='ocrx_word' id='word_1_117' title='bbox 953 1711 1083 1772; x_wconf 90' lang='lat' dir='ltr'>contra</span> <span class='ocrx_word' id='word_1_118' title='bbox 1101 1697 1251 1770; x_wconf 85' lang='lat' dir='ltr'>morbos</span> <span class='ocrx_word' id='word_1_119' title='bbox 1267 1627 1476 1770; x_wconf 77' lang='lat' dir='ltr'>remedium</span> <span class='ocrx_word' id='word_1_120' title='bbox 1495 1719 1572 1765; x_wconf 89' lang='lat' dir='ltr'>esse</span> <span class='ocrx_word' id='word_1_121' title='bbox 1587 1692 1841 1794; x_wconf 76' lang='lat' dir='ltr'>poenitentiam</span> <span class='ocrx_word' id='word_1_122' title='bbox 1861 1691 1905 1762; x_wconf 92' lang='lat' dir='ltr'>de</span> <span class='ocrx_word' id='word_1_123' title='bbox 1948 1695 2096 1766; x_wconf 89' lang='lat' dir='ltr'>eccatis.</span> 
     </span>
    </p>

    <p class='ocr_par' dir='ltr' id='par_1_9' title="bbox 550 1786 2106 1980">
     <span class='ocr_line' id='line_1_15' title="bbox 550 1786 2102 1888; baseline -0.004 -22"><span class='ocrx_word' id='word_1_124' title='bbox 550 1815 628 1866; x_wconf 69' lang='lat' dir='ltr'>nn.</span> <span class='ocrx_word' id='word_1_125' title='bbox 642 1813 667 1866; x_wconf 83' lang='lat'>5.</span> <span class='ocrx_word' id='word_1_126' title='bbox 686 1813 728 1882; x_wconf 73' lang='lat' dir='ltr'>nt.</span> <span class='ocrx_word' id='word_1_127' title='bbox 795 1794 897 1867; x_wconf 88' lang='lat' dir='ltr'>Idem</span> <span class='ocrx_word' id='word_1_128' title='bbox 920 1795 1112 1868; x_wconf 88' lang='lat' dir='ltr'>hominem</span> <span class='ocrx_word' id='word_1_129' title='bbox 1135 1794 1290 1888; x_wconf 87' lang='lat' dir='ltr'>triginta</span> <span class='ocrx_word' id='word_1_130' title='bbox 1309 1806 1345 1866; x_wconf 91' lang='lat' dir='ltr'>et</span> <span class='ocrx_word' id='word_1_131' title='bbox 1364 1805 1448 1865; x_wconf 92' lang='lat' dir='ltr'>octo</span> <span class='ocrx_word' id='word_1_132' title='bbox 1470 1813 1587 1861; x_wconf 91' lang='lat' dir='ltr'>annos</span> <span class='ocrx_word' id='word_1_133' title='bbox 1603 1786 1801 1858; x_wconf 83' lang='lat' dir='ltr'>habentem</span> <span class='ocrx_word' id='word_1_134' title='bbox 1819 1787 1892 1859; x_wconf 91' lang='lat' dir='ltr'>ini</span> <span class='ocrx_word' id='word_1_135' title='bbox 1945 1790 2102 1862; x_wconf 88' lang='lat' dir='ltr'>rmitate</span> 
     </span>
     <span class='ocr_line' id='line_1_16' title="bbox 748 1881 2106 1980; baseline -0.005 -18"><span class='ocrx_word' id='word_1_136' title='bbox 748 1915 833 1980; x_wconf 84' lang='lat' dir='ltr'>sua,</span> <span class='ocrx_word' id='word_1_137' title='bbox 847 1917 871 1962; x_wconf 90' lang='lat' dir='ltr'>a</span> <span class='ocrx_word' id='word_1_138' title='bbox 888 1917 926 1963; x_wconf 90' lang='lat' dir='ltr'>se</span> <span class='ocrx_word' id='word_1_139' title='bbox 946 1899 1118 1963; x_wconf 88' lang='lat' dir='ltr'>sanatum</span> <span class='ocrx_word' id='word_1_140' title='bbox 1134 1901 1280 1962; x_wconf 86' lang='lat' dir='ltr'>monet:</span> <span class='ocrx_word' id='word_1_141' title='bbox 1302 1913 1384 1960; x_wconf 88' lang='lat' dir='ltr'>ecce</span> <span class='ocrx_word' id='word_1_142' title='bbox 1407 1912 1521 1962; x_wconf 88' lang='lat' dir='ltr'>sanus</span> <span class='ocrx_word' id='word_1_143' title='bbox 1541 1882 1660 1956; x_wconf 88' lang='lat' dir='ltr'>factus</span> <span class='ocrx_word' id='word_1_144' title='bbox 1672 1907 1728 1974; x_wconf 88' lang='lat' dir='ltr'>es,</span> <span class='ocrx_word' id='word_1_145' title='bbox 1740 1883 1819 1976; x_wconf 81' lang='lat' dir='ltr'>jam</span> <span class='ocrx_word' id='word_1_146' title='bbox 1838 1881 1918 1952; x_wconf 94' lang='lat' dir='ltr'>noli</span> <span class='ocrx_word' id='word_1_147' title='bbox 1932 1905 2106 1979; x_wconf 80' lang='lat' dir='ltr'>peecare,</span> 
     </span>
    </p>

    <p class='ocr_par' dir='ltr' id='par_1_10' title="bbox 530 1983 1483 2080">
     <span class='ocr_line' id='line_1_17' title="bbox 530 1983 1483 2080; baseline 0.002 -28"><span class='ocrx_word' id='word_1_148' title='bbox 530 2045 532 2052; x_wconf 82' lang='grc'>,</span> <span class='ocrx_word' id='word_1_149' title='bbox 745 2011 794 2058; x_wconf 89' lang='lat' dir='ltr'>ne</span> <span class='ocrx_word' id='word_1_150' title='bbox 817 1986 982 2060; x_wconf 83' lang='lat' dir='ltr'>deterius</span> <span class='ocrx_word' id='word_1_151' title='bbox 1016 1983 1087 2057; x_wconf 88' lang='lat' dir='ltr'>tibi</span> <span class='ocrx_word' id='word_1_152' title='bbox 1117 1983 1260 2080; x_wconf 87' lang='lat' dir='ltr'>aliquid</span> <span class='ocrx_word' id='word_1_153' title='bbox 1282 1985 1483 2078; x_wconf 77' lang='lat' dir='ltr'>contingat.</span> 
     </span>
    </p>

    <p class='ocr_par' dir='ltr' id='par_1_11' title="bbox 549 2073 2104 2186">
     <span class='ocr_line' id='line_1_18' title="bbox 549 2073 2104 2186; baseline -0.005 -32"><span class='ocrx_word' id='word_1_154' title='bbox 549 2117 650 2171; x_wconf 58' lang='lat' dir='ltr'>mm„</span> <span class='ocrx_word' id='word_1_155' title='bbox 668 2135 695 2186; x_wconf 57' lang='lat'>9,</span> <span class='ocrx_word' id='word_1_156' title='bbox 794 2082 886 2154; x_wconf 87' lang='lat' dir='ltr'>Fere</span> <span class='ocrx_word' id='word_1_157' title='bbox 907 2105 1037 2155; x_wconf 88' lang='lat' dir='ltr'>omnes</span> <span class='ocrx_word' id='word_1_158' title='bbox 1051 2081 1202 2176; x_wconf 86' lang='lat' dir='ltr'>aegroti,</span> <span class='ocrx_word' id='word_1_159' title='bbox 1215 2107 1309 2176; x_wconf 93' lang='lat' dir='ltr'>quos</span> <span class='ocrx_word' id='word_1_160' title='bbox 1338 2079 1510 2154; x_wconf 79' lang='lat' dir='ltr'>Christus</span> <span class='ocrx_word' id='word_1_161' title='bbox 1533 2076 1717 2148; x_wconf 89' lang='lat' dir='ltr'>Dominus</span> <span class='ocrx_word' id='word_1_162' title='bbox 1742 2073 1911 2164; x_wconf 87' lang='lat' dir='ltr'>sanavit,</span> <span class='ocrx_word' id='word_1_163' title='bbox 1932 2076 2036 2170; x_wconf 78' lang='lat' dir='ltr'>pribs</span> <span class='ocrx_word' id='word_1_164' title='bbox 2055 2077 2104 2150; x_wconf 89' lang='lat' dir='ltr'>ab</span> 
     </span>
    </p>

    <p class='ocr_par' dir='ltr' id='par_1_12' title="bbox 540 2168 2106 2275">
     <span class='ocr_line' id='line_1_19' title="bbox 540 2168 2106 2275; baseline -0.004 -25"><span class='ocrx_word' id='word_1_165' title='bbox 540 2212 649 2268; x_wconf 55' lang='lat' dir='ltr'>-Mmh,</span> <span class='ocrx_word' id='word_1_166' title='bbox 671 2227 712 2262; x_wconf 79' lang='lat'>,0‚</span> <span class='ocrx_word' id='word_1_167' title='bbox 747 2176 812 2249; x_wconf 91' lang='lat' dir='ltr'>illo</span> <span class='ocrx_word' id='word_1_168' title='bbox 827 2181 1022 2252; x_wconf 88' lang='lat' dir='ltr'>sanitatem</span> <span class='ocrx_word' id='word_1_169' title='bbox 1041 2180 1118 2250; x_wconf 88' lang='lat' dir='ltr'>suis</span> <span class='ocrx_word' id='word_1_170' title='bbox 1137 2178 1309 2273; x_wconf 90' lang='lat' dir='ltr'>precibus</span> <span class='ocrx_word' id='word_1_171' title='bbox 1328 2175 1670 2275; x_wconf 72' lang='lat' dir='ltr'>postulbrunt,per</span> <span class='ocrx_word' id='word_1_172' title='bbox 1687 2169 1788 2266; x_wconf 89' lang='lat' dir='ltr'>quod</span> <span class='ocrx_word' id='word_1_173' title='bbox 1805 2168 1989 2244; x_wconf 89' lang='lat' dir='ltr'>docentur</span> <span class='ocrx_word' id='word_1_174' title='bbox 2001 2175 2106 2270; x_wconf 81' lang='lat' dir='ltr'>aegn&#39;,</span> 
     </span>
    </p>

    <p class='ocr_par' dir='ltr' id='par_1_13' title="bbox 548 2265 1902 2434">
     <span class='ocr_line' id='line_1_20' title="bbox 548 2265 1902 2434; baseline -0.007 -86"><span class='ocrx_word' id='word_1_175' title='bbox 548 2301 614 2357; x_wconf 78' lang='lat' dir='ltr'>Luc.</span> <span class='ocrx_word' id='word_1_176' title='bbox 625 2305 662 2356; x_wconf 67' lang='grc'>,8,</span> <span class='ocrx_word' id='word_1_177' title='bbox 747 2286 792 2346; x_wconf 91' lang='lat' dir='ltr'>ut</span> <span class='ocrx_word' id='word_1_178' title='bbox 811 2274 1007 2348; x_wconf 90' lang='lat' dir='ltr'>sanitatem</span> <span class='ocrx_word' id='word_1_179' title='bbox 1024 2299 1046 2344; x_wconf 92' lang='lat' dir='ltr'>a</span> <span class='ocrx_word' id='word_1_180' title='bbox 1061 2274 1140 2362; x_wconf 90' lang='lat' dir='ltr'>Deo</span> <span class='ocrx_word' id='word_1_181' title='bbox 1155 2284 1302 2368; x_wconf 87' lang='lat' dir='ltr'>petant,</span> <span class='ocrx_word' id='word_1_182' title='bbox 1320 2297 1405 2344; x_wconf 87' lang='lat' dir='ltr'>oum</span> <span class='ocrx_word' id='word_1_183' title='bbox 1426 2271 1474 2344; x_wconf 90' lang='lat' dir='ltr'>sit</span> <span class='ocrx_word' id='word_1_184' title='bbox 1507 2268 1619 2340; x_wconf 71' lang='lat' dir='ltr'>unice</span> <span class='ocrx_word' id='word_1_185' title='bbox 1637 2269 1718 2434; x_wconf 51' lang='lat' dir='ltr'>pp&#39;lps</span> <span class='ocrx_word' id='word_1_186' title='bbox 1746 2265 1902 2338; x_wconf 91' lang='lat' dir='ltr'>donum.</span> 
     </span>
    </p>

    <p class='ocr_par' dir='ltr' id='par_1_14' title="bbox 535 2361 2105 2558">
     <span class='ocr_line' id='line_1_21' title="bbox 535 2361 2105 2464; baseline -0.008 -16"><span class='ocrx_word' id='word_1_187' title='bbox 535 2397 627 2464; x_wconf 68' lang='lat' dir='ltr'>¹toan.</span> <span class='ocrx_word' id='word_1_188' title='bbox 654 2413 696 2447; x_wconf 86' lang='grc' dir='ltr'>ιι.</span> <span class='ocrx_word' id='word_1_189' title='bbox 796 2371 960 2444; x_wconf 82' lang='lat' dir='ltr'>Lazarus</span> <span class='ocrx_word' id='word_1_190' title='bbox 985 2371 1106 2442; x_wconf 90' lang='lat' dir='ltr'>&#39;ustus</span> <span class='ocrx_word' id='word_1_191' title='bbox 1129 2380 1167 2440; x_wconf 90' lang='lat' dir='ltr'>et</span> <span class='ocrx_word' id='word_1_192' title='bbox 1188 2393 1211 2440; x_wconf 86' lang='lat' dir='ltr'>a</span> <span class='ocrx_word' id='word_1_193' title='bbox 1232 2367 1382 2442; x_wconf 88' lang='lat' dir='ltr'>Christo</span> <span class='ocrx_word' id='word_1_194' title='bbox 1405 2363 1612 2464; x_wconf 86' lang='lat' dir='ltr'>specialiter</span> <span class='ocrx_word' id='word_1_195' title='bbox 1668 2363 1798 2434; x_wconf 85' lang='lat' dir='ltr'>‘ectus</span> <span class='ocrx_word' id='word_1_196' title='bbox 1820 2373 1896 2434; x_wconf 80' lang='lat' dir='ltr'>tam</span> <span class='ocrx_word' id='word_1_197' title='bbox 1914 2363 2019 2458; x_wconf 86' lang='lat' dir='ltr'>gravi</span> <span class='ocrx_word' id='word_1_198' title='bbox 2037 2361 2105 2436; x_wconf 80' lang='lat' dir='ltr'>in-</span> 
     </span>
     <span class='ocr_line' id='line_1_22' title="bbox 746 2397 2105 2558; baseline -0.011 -18"><span class='ocrx_word' id='word_1_199' title='bbox 746 2465 924 2540; x_wconf 84' lang='lat' dir='ltr'>firmitate</span> <span class='ocrx_word' id='word_1_200' title='bbox 951 2397 1144 2558; x_wconf 73' lang='lat' dir='ltr'>alligitur,</span> <span class='ocrx_word' id='word_1_201' title='bbox 1161 2475 1206 2536; x_wconf 90' lang='lat' dir='ltr'>ut</span> <span class='ocrx_word' id='word_1_202' title='bbox 1228 2489 1278 2537; x_wconf 83' lang='lat' dir='ltr'>ex</span> <span class='ocrx_word' id='word_1_203' title='bbox 1301 2491 1344 2536; x_wconf 88' lang='lat' dir='ltr'>ea</span> <span class='ocrx_word' id='word_1_204' title='bbox 1370 2463 1562 2536; x_wconf 87' lang='lat' dir='ltr'>moriatur.</span> <span class='ocrx_word' id='word_1_205' title='bbox 1920 2487 1929 2503; x_wconf 72' lang='lat'><strong><em>¹</em></strong></span> <span class='ocrx_word' id='word_1_206' title='bbox 2098 2509 2105 2516; x_wconf 86' lang='lat'><em>.</em></span> 
     </span>
    </p>

    <p class='ocr_par' dir='ltr' id='par_1_15' title="bbox 438 2551 2102 2651">
     <span class='ocr_line' id='line_1_23' title="bbox 438 2551 2102 2651; baseline 0.004 -27"><span class='ocrx_word' id='word_1_207' title='bbox 438 2614 441 2624; x_wconf 73' lang='grc'>,</span> <span class='ocrx_word' id='word_1_208' title='bbox 550 2579 614 2636; x_wconf 68' lang='lat' dir='ltr'>aas.</span> <span class='ocrx_word' id='word_1_209' title='bbox 634 2598 671 2650; x_wconf 71' lang='grc' dir='ltr'>ις.</span> <span class='ocrx_word' id='word_1_210' title='bbox 688 2599 729 2647; x_wconf 78' lang='lat'>17.</span> <span class='ocrx_word' id='word_1_211' title='bbox 795 2559 1018 2648; x_wconf 83' lang='lat' dir='ltr'>Indignatur</span> <span class='ocrx_word' id='word_1_212' title='bbox 1035 2559 1241 2647; x_wconf 88' lang='lat' dir='ltr'>Dominus,</span> <span class='ocrx_word' id='word_1_213' title='bbox 1257 2559 1359 2651; x_wconf 88' lang='lat' dir='ltr'>quod</span> <span class='ocrx_word' id='word_1_214' title='bbox 1383 2581 1521 2631; x_wconf 89' lang='lat' dir='ltr'>novem</span> <span class='ocrx_word' id='word_1_215' title='bbox 1547 2551 1683 2650; x_wconf 88' lang='lat' dir='ltr'>leprosi</span> <span class='ocrx_word' id='word_1_216' title='bbox 1709 2553 1757 2626; x_wconf 86' lang='lat' dir='ltr'>ab</span> <span class='ocrx_word' id='word_1_217' title='bbox 1776 2578 1821 2628; x_wconf 91' lang='lat' dir='ltr'>eo</span> <span class='ocrx_word' id='word_1_218' title='bbox 1843 2555 1965 2630; x_wconf 89' lang='lat' dir='ltr'>sanati</span> <span class='ocrx_word' id='word_1_219' title='bbox 1979 2554 2102 2632; x_wconf 89' lang='lat' dir='ltr'>nullas</span> 
     </span>
    </p>

    <p class='ocr_par' dir='ltr' id='par_1_16' title="bbox 746 2649 1700 2750">
     <span class='ocr_line' id='line_1_24' title="bbox 746 2649 1700 2750; baseline 0 -28"><span class='ocrx_word' id='word_1_220' title='bbox 746 2649 819 2746; x_wconf 89' lang='lat' dir='ltr'>ipsi</span> <span class='ocrx_word' id='word_1_221' title='bbox 840 2649 976 2742; x_wconf 81' lang='lat' dir='ltr'>gratias</span> <span class='ocrx_word' id='word_1_222' title='bbox 999 2662 1109 2744; x_wconf 81' lang='lat' dir='ltr'>agant</span> <span class='ocrx_word' id='word_1_223' title='bbox 1129 2675 1198 2746; x_wconf 92' lang='lat' dir='ltr'>pro</span> <span class='ocrx_word' id='word_1_224' title='bbox 1217 2664 1367 2750; x_wconf 87' lang='lat' dir='ltr'>accepta</span> <span class='ocrx_word' id='word_1_225' title='bbox 1384 2650 1554 2742; x_wconf 85' lang='lat' dir='ltr'>sanitatis</span> <span class='ocrx_word' id='word_1_226' title='bbox 1572 2649 1700 2747; x_wconf 86' lang='lat' dir='ltr'>gratia.</span> 
     </span>
    </p>
   </div>
   <div class='ocr_carea' id='block_1_4' title="bbox 1187 2825 1667 3116">
    <p class='ocr_par' dir='ltr' id='par_1_17' title="bbox 1187 2825 1667 3116">
     <span class='ocr_line' id='line_1_25' title="bbox 1187 2825 1667 2924; baseline 0.004 -9"><span class='ocrx_word' id='word_1_227' title='bbox 1187 2827 1519 2916; x_wconf 86' lang='lat' dir='ltr'><strong>TITULUS</strong></span> <span class='ocrx_word' id='word_1_228' title='bbox 1569 2825 1667 2924; x_wconf 84' lang='lat' dir='ltr'><strong>CII.</strong></span> 
     </span>
     <span class='ocr_line' id='line_1_26' title="bbox 1215 3001 1629 3116; baseline 0.005 -30"><span class='ocrx_word' id='word_1_229' title='bbox 1215 3001 1337 3086; x_wconf 83' lang='lat' dir='ltr'>Mors</span> <span class='ocrx_word' id='word_1_230' title='bbox 1379 3004 1423 3086; x_wconf 85' lang='lat' dir='ltr'>in</span> <span class='ocrx_word' id='word_1_231' title='bbox 1467 3033 1629 3116; x_wconf 76' lang='lat' dir='ltr'>genera.</span> 
     </span>
    </p>
   </div>
   <div class='ocr_carea' id='block_1_5' title="bbox 481 3134 2103 4440">
    <p class='ocr_par' dir='ltr' id='par_1_18' title="bbox 481 3134 2103 3299">
     <span class='ocr_line' id='line_1_27' title="bbox 481 3134 2103 3299; baseline -0.006 -24"><span class='ocrx_word' id='word_1_232' title='bbox 481 3245 490 3252; x_wconf 97' lang='lat'>-</span> <span class='ocrx_word' id='word_1_233' title='bbox 550 3221 619 3274; x_wconf 78' lang='lat' dir='ltr'>oen.</span> <span class='ocrx_word' id='word_1_234' title='bbox 641 3233 666 3270; x_wconf 83' lang='lat'>2.</span> <span class='ocrx_word' id='word_1_235' title='bbox 743 3134 877 3299; x_wconf 81' lang='lat' dir='ltr'>Quia</span> <span class='ocrx_word' id='word_1_236' title='bbox 895 3219 986 3269; x_wconf 89' lang='lat' dir='ltr'>vera</span> <span class='ocrx_word' id='word_1_237' title='bbox 1007 3205 1063 3268; x_wconf 89' lang='lat' dir='ltr'>est</span> <span class='ocrx_word' id='word_1_238' title='bbox 1086 3193 1271 3267; x_wconf 87' lang='lat' dir='ltr'>sententia</span> <span class='ocrx_word' id='word_1_239' title='bbox 1292 3193 1378 3286; x_wconf 89' lang='lat' dir='ltr'>Dei,</span> <span class='ocrx_word' id='word_1_240' title='bbox 1402 3219 1516 3289; x_wconf 89' lang='lat' dir='ltr'>quam</span> <span class='ocrx_word' id='word_1_241' title='bbox 1542 3192 1642 3267; x_wconf 82' lang='lat' dir='ltr'>dixit</span> <span class='ocrx_word' id='word_1_242' title='bbox 1668 3191 1816 3266; x_wconf 87' lang='lat' dir='ltr'>bomini</span> <span class='ocrx_word' id='word_1_243' title='bbox 1833 3216 1840 3262; x_wconf 94' lang='lat'><strong>:</strong></span> <span class='ocrx_word' id='word_1_244' title='bbox 1859 3191 1907 3264; x_wconf 93' lang='lat' dir='ltr'>In</span> <span class='ocrx_word' id='word_1_245' title='bbox 1930 3217 2103 3290; x_wconf 89' lang='lat' dir='ltr'>quaeun-</span> 
     </span>
    </p>

    <p class='ocr_par' dir='ltr' id='par_1_19' title="bbox 720 3288 2102 3576">
     <span class='ocr_line' id='line_1_28' title="bbox 744 3288 2102 3387; baseline -0.001 -24"><span class='ocrx_word' id='word_1_246' title='bbox 744 3316 818 3387; x_wconf 89' lang='lat' dir='ltr'>que</span> <span class='ocrx_word' id='word_1_247' title='bbox 839 3290 934 3363; x_wconf 89' lang='lat' dir='ltr'>hora</span> <span class='ocrx_word' id='word_1_248' title='bbox 951 3289 1185 3362; x_wconf 82' lang='lat' dir='ltr'>comederitis</span> <span class='ocrx_word' id='word_1_249' title='bbox 1206 3313 1257 3360; x_wconf 85' lang='lat' dir='ltr'>ex</span> <span class='ocrx_word' id='word_1_250' title='bbox 1272 3289 1712 3382; x_wconf 85' lang='lat' dir='ltr'>e0,m0rtem01iemini,</span> <span class='ocrx_word' id='word_1_251' title='bbox 1732 3289 1888 3385; x_wconf 88' lang='lat' dir='ltr'>planum</span> <span class='ocrx_word' id='word_1_252' title='bbox 1906 3303 1977 3382; x_wconf 89' lang='lat' dir='ltr'>est,</span> <span class='ocrx_word' id='word_1_253' title='bbox 1994 3288 2102 3384; x_wconf 88' lang='lat' dir='ltr'>quod</span> 
     </span>
     <span class='ocr_line' id='line_1_29' title="bbox 720 3381 2101 3482; baseline -0.004 -22"><span class='ocrx_word' id='word_1_254' title='bbox 720 3397 723 3403; x_wconf 83' lang='grc'><em>“</em></span> <span class='ocrx_word' id='word_1_255' title='bbox 745 3387 870 3460; x_wconf 90' lang='lat' dir='ltr'>statim</span> <span class='ocrx_word' id='word_1_256' title='bbox 893 3398 978 3482; x_wconf 87' lang='lat' dir='ltr'>post</span> <span class='ocrx_word' id='word_1_257' title='bbox 999 3395 1191 3480; x_wconf 88' lang='lat' dir='ltr'>peccatum</span> <span class='ocrx_word' id='word_1_258' title='bbox 1218 3381 1332 3458; x_wconf 89' lang='lat' dir='ltr'>homo</span> <span class='ocrx_word' id='word_1_259' title='bbox 1362 3386 1533 3458; x_wconf 89' lang='lat' dir='ltr'>moritur.</span> <span class='ocrx_word' id='word_1_260' title='bbox 1557 3383 1668 3459; x_wconf 88' lang='lat' dir='ltr'>Unde</span> <span class='ocrx_word' id='word_1_261' title='bbox 1695 3385 1811 3458; x_wconf 89' lang='lat' dir='ltr'>homo</span> <span class='ocrx_word' id='word_1_262' title='bbox 1839 3385 1971 3458; x_wconf 86' lang='lat' dir='ltr'>vivens</span> <span class='ocrx_word' id='word_1_263' title='bbox 2001 3407 2101 3455; x_wconf 86' lang='lat' dir='ltr'>con-</span> 
     </span>
     <span class='ocr_line' id='line_1_30' title="bbox 745 3473 2046 3576; baseline -0.004 -21"><span class='ocrx_word' id='word_1_264' title='bbox 745 3483 852 3556; x_wconf 88' lang='lat' dir='ltr'>tinue</span> <span class='ocrx_word' id='word_1_265' title='bbox 883 3483 1062 3572; x_wconf 88' lang='lat' dir='ltr'>moritur,</span> <span class='ocrx_word' id='word_1_266' title='bbox 1092 3473 1299 3554; x_wconf 83' lang='lat' dir='ltr'>secundirm</span> <span class='ocrx_word' id='word_1_267' title='bbox 1324 3481 1358 3552; x_wconf 93' lang='lat' dir='ltr'>S.</span> <span class='ocrx_word' id='word_1_268' title='bbox 1376 3484 1531 3576; x_wconf 77' lang='lat' dir='ltr'>August.</span> <span class='ocrx_word' id='word_1_269' title='bbox 1555 3481 1618 3554; x_wconf 90' lang='lat' dir='ltr'>lib.</span> <span class='ocrx_word' id='word_1_270' title='bbox 1651 3483 1704 3575; x_wconf 70' lang='lat'>14.</span> <span class='ocrx_word' id='word_1_271' title='bbox 1728 3481 1942 3554; x_wconf 85' lang='lat' dir='ltr'>decivitate</span> <span class='ocrx_word' id='word_1_272' title='bbox 1963 3477 2046 3552; x_wconf 89' lang='lat' dir='ltr'>Dei.</span> 
     </span>
    </p>

    <p class='ocr_par' dir='ltr' id='par_1_20' title="bbox 659 3576 2100 3841">
     <span class='ocr_line' id='line_1_31' title="bbox 659 3576 2100 3672; baseline 0.001 -24"><span class='ocrx_word' id='word_1_273' title='bbox 659 3631 669 3648; x_wconf 93' lang='lat'><strong>.</strong></span> <span class='ocrx_word' id='word_1_274' title='bbox 794 3578 887 3650; x_wconf 90' lang='lat' dir='ltr'>Cum</span> <span class='ocrx_word' id='word_1_275' title='bbox 926 3589 982 3650; x_wconf 88' lang='lat' dir='ltr'>tot</span> <span class='ocrx_word' id='word_1_276' title='bbox 1017 3577 1126 3649; x_wconf 87' lang='lat' dir='ltr'>annis</span> <span class='ocrx_word' id='word_1_277' title='bbox 1157 3576 1328 3650; x_wconf 88' lang='lat' dir='ltr'>vixerint</span> <span class='ocrx_word' id='word_1_278' title='bbox 1353 3577 1525 3650; x_wconf 80' lang='lat' dir='ltr'>honnnes</span> <span class='ocrx_word' id='word_1_279' title='bbox 1552 3589 1639 3649; x_wconf 88' lang='lat' dir='ltr'>ante</span> <span class='ocrx_word' id='word_1_280' title='bbox 1663 3577 1874 3667; x_wconf 88' lang='lat' dir='ltr'>diluvium,</span> <span class='ocrx_word' id='word_1_281' title='bbox 1906 3577 2100 3672; x_wconf 84' lang='lat' dir='ltr'>signanter</span> 
     </span>
     <span class='ocr_line' id='line_1_32' title="bbox 743 3671 2100 3770; baseline -0.003 -22"><span class='ocrx_word' id='word_1_282' title='bbox 743 3687 871 3748; x_wconf 88' lang='lat' dir='ltr'>tamen</span> <span class='ocrx_word' id='word_1_283' title='bbox 893 3674 984 3746; x_wconf 90' lang='lat' dir='ltr'>dicit</span> <span class='ocrx_word' id='word_1_284' title='bbox 1009 3675 1193 3769; x_wconf 85' lang='lat' dir='ltr'>scriptura</span> <span class='ocrx_word' id='word_1_285' title='bbox 1214 3684 1296 3769; x_wconf 91' lang='lat' dir='ltr'>post</span> <span class='ocrx_word' id='word_1_286' title='bbox 1314 3685 1476 3770; x_wconf 86' lang='lat' dir='ltr'>tempus</span> <span class='ocrx_word' id='word_1_287' title='bbox 1492 3671 1750 3770; x_wconf 87' lang='lat' dir='ltr'>descriptionis</span> <span class='ocrx_word' id='word_1_288' title='bbox 1771 3671 1862 3749; x_wconf 84' lang='lat' dir='ltr'>vitae</span> <span class='ocrx_word' id='word_1_289' title='bbox 1884 3673 2100 3746; x_wconf 86' lang='lat' dir='ltr'>eorum:Et</span> 
     </span>
     <span class='ocr_line' id='line_1_33' title="bbox 743 3779 1973 3841; baseline -0.001 0"><span class='ocrx_word' id='word_1_290' title='bbox 743 3779 917 3841; x_wconf 88' lang='lat' dir='ltr'>mortuus</span> <span class='ocrx_word' id='word_1_291' title='bbox 939 3780 1004 3841; x_wconf 90' lang='lat' dir='ltr'>est.</span> <span class='ocrx_word' id='word_1_292' title='bbox 1966 3831 1973 3840; x_wconf 93' lang='lat'>.</span> 
     </span>
    </p>

    <p class='ocr_par' dir='ltr' id='par_1_21' title="bbox 742 3861 2103 4440">
     <span class='ocr_line' id='line_1_34' title="bbox 795 3861 2099 3960; baseline 0 -24"><span class='ocrx_word' id='word_1_293' title='bbox 795 3863 833 3936; x_wconf 90' lang='lat' dir='ltr'>Si</span> <span class='ocrx_word' id='word_1_294' title='bbox 854 3864 1001 3959; x_wconf 85' lang='lat' dir='ltr'>antiqui</span> <span class='ocrx_word' id='word_1_295' title='bbox 1011 3871 1133 3959; x_wconf 89' lang='lat' dir='ltr'>patres</span> <span class='ocrx_word' id='word_1_296' title='bbox 1152 3873 1309 3935; x_wconf 90' lang='lat' dir='ltr'>mortem</span> <span class='ocrx_word' id='word_1_297' title='bbox 1329 3861 1529 3954; x_wconf 88' lang='lat' dir='ltr'>timebant,</span> <span class='ocrx_word' id='word_1_298' title='bbox 1545 3875 1583 3936; x_wconf 89' lang='lat' dir='ltr'>et</span> <span class='ocrx_word' id='word_1_299' title='bbox 1601 3863 1750 3960; x_wconf 82' lang='lat' dir='ltr'>longam</span> <span class='ocrx_word' id='word_1_300' title='bbox 1765 3865 1884 3940; x_wconf 82' lang='lat' dir='ltr'>vitain</span> <span class='ocrx_word' id='word_1_301' title='bbox 1900 3863 2099 3960; x_wconf 88' lang='lat' dir='ltr'>optabant,</span> 
     </span>
     <span class='ocr_line' id='line_1_35' title="bbox 745 3958 2101 4054; baseline -0.001 -22"><span class='ocrx_word' id='word_1_302' title='bbox 745 3984 824 4032; x_wconf 92' lang='lat' dir='ltr'>non</span> <span class='ocrx_word' id='word_1_303' title='bbox 843 3973 922 4032; x_wconf 90' lang='lat' dir='ltr'>erat</span> <span class='ocrx_word' id='word_1_304' title='bbox 943 3961 1092 4032; x_wconf 88' lang='lat' dir='ltr'>mirum.</span> <span class='ocrx_word' id='word_1_305' title='bbox 1115 3958 1211 4030; x_wconf 89' lang='lat' dir='ltr'>Nam</span> <span class='ocrx_word' id='word_1_306' title='bbox 1236 3959 1308 4054; x_wconf 88' lang='lat' dir='ltr'>ipsi</span> <span class='ocrx_word' id='word_1_307' title='bbox 1329 3983 1406 4030; x_wconf 93' lang='lat' dir='ltr'>non</span> <span class='ocrx_word' id='word_1_308' title='bbox 1426 3970 1597 4054; x_wconf 87' lang='lat' dir='ltr'>poterant</span> <span class='ocrx_word' id='word_1_309' title='bbox 1614 3959 1739 4032; x_wconf 89' lang='lat' dir='ltr'>adhuc</span> <span class='ocrx_word' id='word_1_310' title='bbox 1754 3962 1793 4033; x_wconf 92' lang='lat' dir='ltr'>in</span> <span class='ocrx_word' id='word_1_311' title='bbox 1811 3960 1946 4034; x_wconf 89' lang='lat' dir='ltr'>coelum</span> <span class='ocrx_word' id='word_1_312' title='bbox 1971 3984 2101 4032; x_wconf 84' lang='lat' dir='ltr'>ascen·</span> 
     </span>
     <span class='ocr_line' id='line_1_36' title="bbox 744 4051 2100 4149; baseline -0.001 -21"><span class='ocrx_word' id='word_1_313' title='bbox 744 4055 853 4146; x_wconf 89' lang='lat' dir='ltr'>dere,</span> <span class='ocrx_word' id='word_1_314' title='bbox 877 4079 945 4126; x_wconf 88' lang='lat' dir='ltr'>nec</span> <span class='ocrx_word' id='word_1_315' title='bbox 977 4053 1108 4128; x_wconf 85' lang='lat' dir='ltr'>divina</span> <span class='ocrx_word' id='word_1_316' title='bbox 1139 4051 1284 4148; x_wconf 83' lang='lat' dir='ltr'>perfrui</span> <span class='ocrx_word' id='word_1_317' title='bbox 1308 4054 1471 4146; x_wconf 85' lang='lat' dir='ltr'>visione,</span> <span class='ocrx_word' id='word_1_318' title='bbox 1498 4053 1616 4128; x_wconf 91' lang='lat' dir='ltr'>donec</span> <span class='ocrx_word' id='word_1_319' title='bbox 1635 4056 1806 4130; x_wconf 88' lang='lat' dir='ltr'>Salvator</span> <span class='ocrx_word' id='word_1_320' title='bbox 1837 4055 2008 4145; x_wconf 87' lang='lat' dir='ltr'>advenit,</span> <span class='ocrx_word' id='word_1_321' title='bbox 2027 4055 2100 4149; x_wconf 91' lang='lat' dir='ltr'>qui</span> 
     </span>
     <span class='ocr_line' id='line_1_37' title="bbox 744 4145 2102 4247; baseline -0.001 -25"><span class='ocrx_word' id='word_1_322' title='bbox 744 4151 890 4247; x_wconf 89' lang='lat' dir='ltr'>apernit</span> <span class='ocrx_word' id='word_1_323' title='bbox 915 4153 1069 4238; x_wconf 79' lang='lat' dir='ltr'>ianuam</span> <span class='ocrx_word' id='word_1_324' title='bbox 1088 4145 1259 4246; x_wconf 90' lang='lat' dir='ltr'>paradisi.</span> <span class='ocrx_word' id='word_1_325' title='bbox 1281 4147 1393 4228; x_wconf 87' lang='lat' dir='ltr'>Un&#39;de</span> <span class='ocrx_word' id='word_1_326' title='bbox 1419 4162 1570 4224; x_wconf 89' lang='lat' dir='ltr'>sanctus</span> <span class='ocrx_word' id='word_1_327' title='bbox 1598 4151 1696 4224; x_wconf 87' lang='lat' dir='ltr'>Loth</span> <span class='ocrx_word' id='word_1_328' title='bbox 1725 4151 1940 4226; x_wconf 81' lang='lat' dir='ltr'>admonitus</span> <span class='ocrx_word' id='word_1_329' title='bbox 1963 4161 2015 4221; x_wconf 88' lang='lat' dir='ltr'>est</span> <span class='ocrx_word' id='word_1_330' title='bbox 2042 4149 2102 4220; x_wconf 88' lang='lat' dir='ltr'>ab</span> 
     </span>
     <span class='ocr_line' id='line_1_38' title="bbox 743 4241 2103 4346; baseline 0.003 -28"><span class='ocrx_word' id='word_1_331' title='bbox 743 4247 891 4340; x_wconf 86' lang='lat' dir='ltr'>angelo,</span> <span class='ocrx_word' id='word_1_332' title='bbox 914 4257 957 4318; x_wconf 91' lang='lat' dir='ltr'>ut</span> <span class='ocrx_word' id='word_1_333' title='bbox 983 4243 1130 4318; x_wconf 85' lang='lat' dir='ltr'>salvum</span> <span class='ocrx_word' id='word_1_334' title='bbox 1154 4269 1192 4316; x_wconf 91' lang='lat' dir='ltr'>se</span> <span class='ocrx_word' id='word_1_335' title='bbox 1213 4242 1351 4316; x_wconf 85' lang='lat' dir='ltr'>faceret</span> <span class='ocrx_word' id='word_1_336' title='bbox 1372 4246 1413 4317; x_wconf 91' lang='lat' dir='ltr'>in</span> <span class='ocrx_word' id='word_1_337' title='bbox 1434 4259 1572 4318; x_wconf 88' lang='lat' dir='ltr'>monte.</span> <span class='ocrx_word' id='word_1_338' title='bbox 1595 4247 1737 4324; x_wconf 80' lang='lat' dir='ltr'>Timuit</span> <span class='ocrx_word' id='word_1_339' title='bbox 1752 4247 1816 4326; x_wconf 83' lang='lat' dir='ltr'>ille</span> <span class='ocrx_word' id='word_1_340' title='bbox 1835 4249 1905 4346; x_wconf 81' lang='lat' dir='ltr'>ire,</span> <span class='ocrx_word' id='word_1_341' title='bbox 1922 4271 1968 4323; x_wconf 86' lang='lat' dir='ltr'>ne</span> <span class='ocrx_word' id='word_1_342' title='bbox 1990 4241 2103 4322; x_wconf 82' lang='lat' dir='ltr'>forte</span> 
     </span>
     <span class='ocr_line' id='line_1_39' title="bbox 742 4339 1700 4440; baseline 0.001 -24"><span class='ocrx_word' id='word_1_343' title='bbox 742 4339 1035 4440; x_wconf 75' lang='lat' dir='ltr'>apprehenderet</span> <span class='ocrx_word' id='word_1_344' title='bbox 1053 4365 1141 4416; x_wconf 90' lang='lat' dir='ltr'>eum</span> <span class='ocrx_word' id='word_1_345' title='bbox 1166 4339 1326 4438; x_wconf 86' lang='lat' dir='ltr'>malum,</span> <span class='ocrx_word' id='word_1_346' title='bbox 1347 4351 1384 4415; x_wconf 87' lang='lat' dir='ltr'>et</span> <span class='ocrx_word' id='word_1_347' title='bbox 1409 4341 1465 4417; x_wconf 89' lang='lat' dir='ltr'>ibi</span> <span class='ocrx_word' id='word_1_348' title='bbox 1484 4355 1700 4420; x_wconf 85' lang='lat' dir='ltr'>moreretur.</span> 
     </span>
    </p>
   </div>
   <div class='ocr_carea' id='block_1_6' title="bbox 0 0 2254 5461">
    <p class='ocr_par' dir='ltr' id='par_1_22' title="bbox 0 0 2254 5461">
     <span class='ocr_line' id='line_1_40' title="bbox 0 0 2254 5461; baseline 0 0"><span class='ocrx_word' id='word_1_349' title='bbox 0 0 2254 5461; x_wconf 95' lang='lat' dir='ltr'> </span> 
     </span>
    </p>
   </div>
  </div>
 </body>
</html>
