4464 5464
712 483 796 571 ess
857 478 1122 568 'It'rULUS
1170 475 1335 569 CXLII.
1385 471 1652 594 Prosperitas
1697 461 1934 555 mundans.

524 737 616 802 m,
631 735 672 790 23.
766 695 1012 772 Accesserant
1034 696 1188 794 quidam
1205 697 1327 773 Judaei
1348 697 1396 772 ad
1416 697 1537 796 princi
1563 721 1622 768 em
1645 689 1881 766 sacerdotum
1897 701 1936 761 et
1959 693 2101 766 senio-

720 816 807 886 res,
833 793 997 867 dicentes
1040 795 1122 884 eis,
1147 809 1191 869 ut
1231 796 1418 886 facerent,
1445 819 1497 890 qu
1586 789 1778 864 Tribunus
1828 786 1990 884 Lysias,
2028 791 2102 884 qui

719 887 881 962 Paulum
907 891 1057 963 tenebat
1078 891 1270 986 vinctum,
1289 893 1488 966 adduceret
1506 887 1673 978 illumin
1692 881 1882 974 medium,
1901 894 2095 980 tauquam

722 982 755 1056 si
792 997 915 1059 essent
948 985 993 1057 de
1033 1011 1076 1058 eo
1113 986 1255 1084 aliquid
1291 987 1430 1062 certius
1466 983 1664 1080 cognituri.
1719 978 1797 1077 Ipsi
1837 1003 1932 1061 vero
1963 981 2092 1078 parati

713 1083 849 1181 ¹stetim
878 1094 985 1156 erant
1016 1081 1225 1155 interficere
1258 1084 1377 1160 illum.

1094 1241 1426 1331 mrusus
1488 1237 1719 1355 exmn

1140 1376 1406 1490 Prospen'tcs
1446 1370 1673 1456 mundana.

533 1578 603 1635 oen.
622 1577 665 1632 1³·
727 1509 998 1644 Abundantia
1028 1591 1157 1646 nerum
1193 1562 1456 1663 temporalium
1493 1585 1588 1675 saepc
1623 1555 1668 1632 fit
1709 1555 1911 1667 multorum
1940 1565 2090 1636 ooeasio

728 1677 962 1764 peecatorum
985 1691 992 1736 :
1018 1669 1115 1741 sicut
1139 1664 1181 1738 in
1204 1662 1269 1736 illa
1295 1662 1467 1758 regione,
1488 1657 1713 1754 irrigabatur
1748 1665 1838 1727 sicut
1862 1656 2080 1752 paradisus,

517 1837 520 1842 ,
730 1765 773 1836 in
802 1785 878 1854 qua
905 1761 1135 1833 ¹habitabant
1166 1757 1363 1832 Sodomitae
1396 1754 1557 1852 pessimi.

532 1865 622 1921 {udic-
641 1865 666 1918 ⁸·
780 1852 954 1946 Gedeon,
976 1879 1064 1929 cum
1084 1876 1225 1948 pervus
1246 1851 1361 1925 homo
1377 1864 1495 1944 esset,
1514 1849 1605 1922 etin
1626 1870 1712 1921 area
1726 1843 1955 1924 frumentum
1972 1876 2080 1924 exeu-

728 1960 845 2040 teret,
869 1949 992 2024 bonus
1019 1949 1118 2042 fuit,
1137 1961 1175 2021 et
1202 1972 1290 2020 eum
1321 1949 1486 2114 Anpelus
1519 1943 1673 2018 Domini
1701 1944 1892 2040 visitavit,
1915 1957 1998 2044 post
2026 1947 2086 2020 ob·

731 2056 874 2118 tentam
907 2046 1103 2120 victoriam
1136 2045 1232 2120 mele
1249 2069 1304 2120 ,se
1334 2041 1386 2114 ha
1412 2043 1479 2116 uit.
1655 2061 1659 2073 ·
1991 2127 1995 2136 .

533 2166 563 2211 ‘s
586 2157 650 2223 neg.
674 2141 741 2206 15(
781 2138 874 2212 Saul·
902 2152 1104 2237 antequam
1141 2165 1212 2213 rex
1248 2151 1365 2230 esset,
1390 2139 1513 2210 bonus
1551 2136 1653 2229 fuit,
1685 2146 1724 2210 at
1757 2149 1958 2236 postquam
1989 2139 2092 2236 regni

735 2234 1184 2333 gubernaculasuscepit,
1197 2235 1399 2324 intumuit,
1415 2245 1453 2306 et
1472 2231 1690 2306 mandatum
1706 2233 1862 2309 Domini
1878 2239 2089 2332 preterini.

536 2353 566 2394 ²·
584 2339 647 2409 1¹⁶5·
665 2353 703 2392 ¹¹·
784 2332 872 2403 Post
906 2331 1026 2403 multa
1062 2330 1158 2404 bella
1197 2343 1233 2404 et
1269 2331 1447 2404 victorias
1484 2328 1530 2401 de
1559 2330 1722 2402 inimicis
1759 2331 1954 2426 obtentas,
1972 2331 2090 2409 David

734 2451 932 2500 remanens
949 2425 1099 2522 quietus
1120 2429 1161 2500 in
1177 2426 1404 2520 Jerusalem,
1429 2425 1616 2500 commisit
1632 2425 1883 2523 adulterium,
1902 2441 1939 2502 et
1956 2429 2091 2502 exinde

735 2535 907 2596 secutum
943 2533 999 2596 est
1030 2522 1287 2608 homicidium.

535 2655 566 2708 μ.
587 2645 652 2713 neg.
675 2639 718 2710 24.
785 2619 986 2692 Occasione
1012 2619 1267 2692 multitudinis
1298 2617 1534 2692 subditorum
1568 2617 1692 2696 David
1721 2621 1763 2694 in
1791 2623 2004 2718 superbiam
2027 2622 2094 2696 ela-

629 2775 633 2782 .
735 2721 799 2879 {¹3⁵
825 2725 905 2824 est,
927 2727 975 2824 et⁸
991 2712 1081 2787 fecit
1105 2715 1287 2813 populum
1314 2715 1515 2790 numerari.
1551 2715 1623 2789 Sed
1651 2728 1759 2812 nota,
1783 2744 1899 2813 quam
1930 2723 2095 2814 graviter

755 2822 852 2882 uerit
911 2821 1052 2886 unitus.

539 2925 568 2975 ³.
591 2926 655 2989 neg.
679 2940 718 2974 to.
785 2902 870 2975 Non
883 2837 976 2976 lieret
995 2932 1037 2976 ar
1059 2917 1191 2980 entum
1217 2908 1377 3002 alicujus
1398 2907 1508 3002 pretii
1534 2909 1576 2990 in
1601 2906 1725 2978 diebus
1749 2904 1973 2992 Salomonis,
1993 2908 2087 3000 quia

539 3006 569 3058 ³.
593 3009 657 3072 seg·
684 3017 719 3054 ιι·
738 3004 843 3066 tante
864 3005 943 3066 erat
966 2995 1010 3067 in
1032 2933 1238 3073 ierusalem
1254 3003 1398 3096 argenti
1415 3003 1657 3093 abundantia,
1698 3013 1812 3074 uento
1825 3013 1884 3073 est
1903 2999 1941 3070 la
1964 2997 2087 3072 idum.

738 3086 809 3201 Sed
834 3099 925 3200 notu
950 3116 1062 3188 quam
1086 3095 1277 3190 mirabile,
1300 3111 1337 3172 et
1364 3123 1475 3195 quam
1498 3097 1658 3174 terribile
1674 3027 1776 3190 luis,
1796 3093 1900 3194 quod
1918 3026 2004 3191 pius
2027 3119 2094 3167 no·

738 3196 817 3258 curt
850 3211 884 3258 er
915 3211 1043 3261 rerum
1080 3191 1206 3286 eopia,
1226 3217 1339 3288 quam
1373 3195 1515 3290 proluit
1543 3209 1649 3270 tanta
1684 3192 1873 3292 sapientie

539 3293 569 3350 a
594 3295 656 3362 sog.
682 3305 720 3344 ιι·
771 3281 997 3378 Antequam
1027 3286 1224 3362 Jeroboam
1253 3287 1408 3364 haberet
1434 3291 1644 3366 dominium
1672 3316 1783 3388 super
1808 3288 1935 3362 decem
1960 3288 2096 3380 tribus,

736 3402 815 3451 non
841 3376 977 3474 legitur
1002 3381 1118 3456 fuisse
1144 3385 1289 3478 malus,
1308 3384 1372 3458 sed
1390 3389 1506 3483 magis
1524 3388 1749 3468 ‚adolescens
1770 3387 1878 3459 bonu
1900 3383 2032 3458 indolis
2059 3395 2100 3456 et

735 3473 972 3551 industrius:
995 3479 1121 3556 statim
1149 3506 1264 3573 vero,
1279 3494 1323 3555 ut
1355 3507 1513 3578 regnum
1546 3483 1702 3580 adeptus
1738 3496 1815 3575 est,
1838 3481 1926 3554 fecit
1955 3479 2099 3554 situlos

503 3635 511 3648 ..
736 3595 888 3661 aureos,
913 3582 950 3642 et
975 3576 1112 3648 avertit
1141 3577 1321 3673 populum
1349 3603 1372 3651 a
1403 3581 1502 3676 Deo,
1525 3607 1573 3654 ne
1604 3591 1837 3658 averteretur
1867 3577 1914 3649 ab
1945 3601 1999 3653 eo.

540 3675 570 3751 ’4.
594 3681 659 3750 nef.
681 3676 719 3747 st.
785 3667 1353 3748 Amasiasrexsudadebeflavit
1365 3674 1545 3766 E‹lom,et
1557 3675 1644 3751 inde
1656 3675 1842 3750 elevatum
1854 3684 1911 3746 est
1926 3674 2096 3770 emejus,

738 3767 776 3834 et
796 3762 919 3836 voluit
936 3777 1067 3837 contra
1092 3767 1177 3840 Joas
1199 3795 1322 3865 regem
1343 3771 1457 3846 lsrael
1481 3773 1656 3869 praelieri,
1672 3770 1736 3846 sed
1752 3768 1848 3844 mele
1865 3767 2040 3842 successit
2053 3768 2097 3840 ei.

539 3867 666 3923 ¹·Pml·
682 3883 720 3924 ιι·
785 3855 881 3968 (lum
918 3861 1136 3936 roboratum
1159 3863 1291 3940 fuisset
1313 3893 1471 3963 regnum
1489 3871 1650 3944 Roboam
1673 3879 1710 3941 et
1731 3863 2003 3956 confortatum,
2034 3861 2099 3934 de-

739 3949 892 4047 rehquit
918 3953 1036 4050 legem
1058 3959 1230 4053 Domini,
1262 3975 1298 4035 et
1324 3964 1447 4037 omnis
1469 3965 1585 4040 Israel
1602 3990 1688 4040 cum
1715 3989 1771 4036 eo.

483 4121 488 4126 ,
540 4069 570 4114 o.
589 4053 648 4109 Pu·
677 4055 723 4110 ιθ·
789 4045 884 4155 (lum
911 4051 1107 4128 roboratus
1134 4067 1230 4130 esset
1249 4059 1362 4133 Ozias
1380 4086 1449 4132 rex
1476 4062 1601 4158 Juda,
1629 4061 1819 4135 elevatum
1845 4070 1901 4130 est
1931 4081 1997 4130 cor
2017 4057 2098 4150 ejus

737 4143 780 4216 in
799 4145 996 4222 interitum
1021 4173 1144 4224 suum.
1168 4155 1436 4254 Ingressusque
1462 4161 1504 4232 in
1523 4155 1706 4256 templum
1728 4154 1875 4228 adolere
1898 4151 2020 4232 voluit
2036 4152 2100 4223 iu-

738 4263 904 4320 censum.

537 4361 569 4428 ρ-
591 4353 652 4414 Pu.
676 4355 718 4412 ³3.
768 4341 976 4445 'manasses
997 4366 1068 4416 rex
1086 4343 1128 4416 in
1143 4345 1346 4422 Jerusalem
1367 4348 1443 4438 fuit
1459 4352 1661 4446 pessimus,
1689 4359 1818 4447 postea
1841 4347 1881 4418 in
1906 4339 2106 4450 Babylone·

736 4443 913 4526 moetus,
940 4446 977 4508 et
997 4455 1260 4534 coangustatus
1279 4449 1402 4540 oravit
1426 4449 1709 4548 D.0mu1um,et
1735 4459 1810 4550 egit
1831 4441 2106 4544 poemtenuau

736 4526 847 4608 ratde
873 4551 999 4610 cerem
1023 4533 1202 4615 Domino
