4498 5462
216 337 480 431 TITULUS
505 333 711 420 LXX‘VI:
731 331 964 417 intention.
984 332 1108 417 Deus
1130 336 1264 448 magis
1287 353 1367 417 etc.
1416 336 1493 431 πάι

147 567 205 640 vel
228 587 358 634 eorum
385 558 494 631 amici
517 582 539 628 a
559 556 801 652 languoribus
832 571 1077 636 sanarentur:
1098 559 1173 632 Alii
1188 557 1299 652 vero,
1322 570 1368 632 ut
1391 568 1499 629 aeter-

145 657 277 732 naliter
300 656 545 728 salvarentur.

189 751 353 822 Herodes
374 749 495 820 multo
517 759 682 840 tempore
698 747 869 842 capiebat
884 747 1012 822 videre
1034 751 1185 841 lesum,
1209 749 1273 822 sed
1291 775 1371 822 non
1386 747 1498 840 causis
1519 767 1583 822 Luc.
1603 775 1666 825 aa·

142 846 311 1016 pietaais,
331 845 395 1010 spel
411 846 500 938 qnia
519 842 689 936 sperabat
705 843 852 935 signum
875 845 921 915 ab
939 869 983 916 eo
998 845 1081 918 fieri
1097 873 1104 916 :
1122 859 1158 918 et
1180 845 1265 920 ideo
1281 846 1337 919 nil
1355 842 1499 944 profuit

143 965 178 1013 er
199 966 241 1016 vr
267 965 327 1014 ere
373 962 490 1010 esum.

516 1025 859 1124 „TITULUS
895 1031 1125 1118 LXXVI.

264 1203 542 1288 Intentionem
573 1195 693 1280 Dens
722 1200 856 1308 magis
888 1205 1074 1312 respicit,
1113 1231 1237 1315 quam
1275 1232 1389 1312 opus.

149 1333 270 1464 Cain
286 1387 422 1462 obtulit
446 1387 491 1459 tle
513 1387 699 1460 fructibus
721 1396 833 1456 terrae
857 1413 1017 1462 munera
1037 1390 1210 1462 Domino.
1236 1388 1329 1461 Abel
1352 1413 1503 1484 quoque
1522 1393 1591 1448 een.
1613 1391 1641 1460 l·

147 1487 282 1563 obtulit
303 1483 349 1555 de
380 1484 551 1578 gregibus
579 1485 667 1554 suis.
697 1480 902 1575 Sequitur:
927 1485 1093 1578 respexit
1115 1485 1299 1556 Dominus
1312 1483 1366 1556 ad
1389 1483 1508 1575 Abel,

147 1597 183 1656 et
202 1581 248 1654 ad
265 1603 421 1651 munera
433 1581 536 1672 ejus3
553 1577 600 1648 ad
618 1577 709 1647 Cain
724 1600 816 1648 vero
828 1589 864 1650 et
883 1579 927 1648 ad
945 1603 1103 1652 munera
1120 1579 1222 1650 illius
1234 1603 1312 1651 non
1323 1579 1501 1674 respexit.

193 1674 380 1748 Promisso
393 1672 552 1744 Abrahae
568 1671 648 1744 filio
660 1667 705 1739 de
717 1671 804 1740 Sara
820 1674 1029 1766 nascitura,
1044 1674 1127 1744 risit
1146 1673 1353 1765 Abraham,
1371 1675 1455 1746 risit
1467 1685 1504 1744 et
1522 1691 1592 1744 Gen.
1608 1704 1646 1758 ¹7·
1659 1691 1688 1740 es

147 1775 234 1845 Sara
254 1795 262 1837 ε
281 1769 380 1840 risus
396 1778 521 1840 autem
533 1769 630 1839 Sarae
643 1763 717 1835 fuit
727 1765 979 1860 reprehensus·
995 1773 1019 1834 a'
1034 1763 1212 1858 Domino,
1231 1769 1390 1840 Abrahae
1413 1793 1502 1852 non.
1564 1757 1602 1804 ¹⁸·
1644 1797 1646 1800 ·
1705 1783 1709 1793 '

197 1866 293 1936 Cum
319 1863 482 1932 facerent
509 1859 693 1932 mirabilia
715 1859 887 1950 quaedam
920 1883 1044 1932 coram
1070 1860 1264 1946 Pharaone
1288 1869 1440 1958 Moyses
1468 1872 1505 1930 et
1523 1879 1609 1932 moa.
1630 1879 1674 1930 ra

150 1961 297 2046 Aaron,
318 1955 477 2048 legitur,
500 1953 603 2050 quod
628 1951 785 2024 fecerint
803 1952 974 2024 similiter
991 1953 1425 2049 maleficiAEgyptiorum
1444 1956 1506 2024 in-

150 2051 426 2124 cantationibus
439 2099 441 2104 ·
460 2051 549 2121 suis.

199 2145 306 2216 Talia
316 2141 511 2212 thuribula
527 2142 747 2212 habuerunt
762 2138 853 2213 (bre
869 2153 907 2213 et
916 2140 973 2212 illi
983 2141 1029 2212 de
1042 2142 1149 2236 globo
1162 2165 1245 2233 sne,
1258 2141 1355 2213 sicut
1367 2142 1508 2232 Aaron,
1526 2143 1607 2198 num.
1624 2142 1664 2193 ¹⁶·

152 2250 190 2311 et
206 2237 303 2308 forte
319 2233 364 2305 de
380 2255 485 2326 aeque
501 2235 601 2303 bono
612 2233 674 2304 vel
685 2231 835 2301 meliore
854 2235 1018 2302 metallo:
1032 2238 1166 2306 verum
1180 2236 1282 2308 Deus
1293 2261 1371 2309 non
1382 2259 1509 2332 aequa-

60 2385 65 2394 ·
151 2335 240 2406 liter
261 2327 466 2423 acceptavit
489 2325 785 2398 incensationem
807 2350 948 2397 eorum.

200 2426 401 2500 Elevautes
439 2422 565 2494 oculos
599 2418 858 2513 Bethsamitae,
891 2416 1071 2494 viderunt
1106 2443 1230 2490 aream
1262 2423 1437 2516 Domini,
1474 2433 1512 2496 et
1536 2425 1680 2494 aneas.

155 2523 272 2620 gavisi
299 2532 406 2610 sunt,
443 2529 479 2589 et
506 2514 726 2587 obtulerunt
753 2514 914 2586 Domino
944 2512 1222 2586 holocaustum:
1240 2515 1423 2603 Quamvis
1450 2545 1513 2591 au-

153 2633 230 2691 tem
264 2615 406 2685 bonum
443 2635 536 2706 opus
568 2611 688 2683 facere
720 2607 965 2698 viderentur,
1005 2609 1189 2702 percussit
1225 2635 1288 2681 eos
1327 2613 1513 2685 Dominus
1622 2678 1626 2688 .

154 2712 261 2809 gravi
287 2707 415 2803 plaga,
432 2731 474 2779 eo
491 2706 591 2798 quod
615 2704 800 2789 viderunt¹
811 2728 953 2794 arcam,
970 2727 1082 2797 quam
1099 2701 1226 2774 videre
1247 2729 1325 2776 non
1344 2703 1513 2777 debeant.

203 2803 313 2896 Saul,
344 2800 495 2900 quando
517 2799 592 2874 fuit
613 2802 714 2873 inter
733 2825 801 2896 pro
826 2799 955 2890 betas,
982 2796 1190 2893 expoliavit
1218 2823 1275 2892 se,
1297 2811 1335 2871 et·
1352 2799 1515 2896 prophe·
1533 2820 1558 2854 ¹·
1576 2805 1640 2871 neg.
1653 2820 1700 2874 ¹9·

156 2915 234 2975 tare
261 2900 395 2993 eoepit,
424 2896 487 2969 sed
509 2899 643 2995 pariam
671 2897 706 2967 ei
731 2826 884 2990 proibit.

205 2993 509 3066 Ozaexteudens
531 3015 706 3079 ananum,
723 2989 846 3061 tenuit
868 3009 1015 3080 arcam,
1040 3011 1090 3058 ne
1110 2986 1276 3082 caderet,
1295 2991 1362 3086 qui
1387 2991 1514 3064 statim
1532 3029 1558 3066 ι.
1571 3009 1657 3061 ram.
1672 3009 1710 3061 aa

159 3107 358 3182 percussus
379 3109 401 3152 a
420 3086 606 3172 Domino,
638 3096 811 3155 mortuus
834 3096 900 3153 est.
1604 3147 1608 3154 .

210 3178 313 3246 Licet
329 3173 458 3244 offerre
481 3177 678 3245 incensum
698 3177 858 3245 Domino
881 3176 929 3244 sit
945 3177 1107 3265 bonum,
1127 3189 1348 3248 nontamen
1367 3205 1516 3266 compe·
1531 3205 1557 3239 α.
1571 3183 1717 3239 Paratae.

159 3277 207 3346 tit
233 3266 337 3341 omni
368 3265 524 3337 homini.
553 3267 664 3338 Unde
691 3267 801 3338 Ozias
833 3291 903 3338 rex
929 3268 1027 3340 Juda
1047 3293 1249 3430 percussus
1281 3281 1337 3338 est
1366 3267 1468 3359 lepra
1494 3291 1517 3336 a

161 3365 346 3452 Domino,
377 3359 546 3452 eoquod
572 3361 650 3451 ipse
665 3359 786 3442 voluit
813 3362 1007 3432 incensum
1030 3373 1046 3432 t
1077 3363 1290 3456 ymiamatis
1311 3359 1466 3430 adolere.

211 3457 395 3554 Reprobat
421 3451 605 3524 Dominus
638 3476 706 3544 per
727 3453 859 3522 Isaiam
889 3454 1115 3541 oblationes,
1142 3477 1236 3546 quas
1262 3453 1386 3524 offerri
1408 3453 1518 3523 insti·
1534 3479 1584 3527 na.
1608 3493 1638 3528 1.

162 3555 265 3642 tuit,
290 3563 328 3620 et
349 3548 422 3619 hoe
442 3557 594 3641 propter
620 3543 856 3616 offerentium
878 3548 1090 3638 pravitates.
1118 3547 1204 3633 Quo
1226 3544 1321 3615 mihi
1345 3545 1519 3616 multitu-

163 3649 290 3720 dinem
305 3643 547 3714 victimarum
565 3650 776 3714 vestrarum
790 3635 813 3706 l·
831 3639 921 3710 dicit
941 3637 1136 3711 Dominus.
1164 3639 1365 3735 Sequitur:
1383 3661 1518 3712 manus

166 3743 267 3814 enim
291 3747 427 3812 vestrae
455 3737 635 3830 sanguine
686 3733 780 3806 lenae
804 3744 903 3805 sunt.
1253 3783 1256 3790 ·

215 3831 386 3924 Praetulit
408 3831 591 3902 Dominus
607 3760 831 3900 obiitionem
848 3827 996 3918 viduae,
1013 3851 1096 3922 quae
1111 3829 1238 3924 posuit
1258 3827 1335 3902 duo
1356 3853 1430 3902 aera
1451 3830 1520 3904 mi·
1535 3844 1599 3900 unc.
1620 3862 1669 3900 m
1694 3853 1698 3863 ·

166 3942 262 4004 nuta
285 3929 326 4000 in
353 3923 686 4019 Gazophilaeium,
712 3923 936 4003 muneribus¹
955 3924 1128 3996 divitum.

216 4021 378 4094 Herodes
397 4044 444 4092 cu
471 4017 569 4091 iebat
586 4016 715 4092 videre
737 4020 890 4110 lesum,
916 4032 953 4091 et
975 4021 1059 4093 viso
1081 4043 1124 4090 eo
1144 4020 1293 4114 gavisus
1317 4031 1373 4092 est
1392 4018 1519 4111 valde,
1536 4017 1669 4090 Laesae.

169 4117 234 4190 sed
264 4115 412 4190 nullum
508 4127 613 4186 etum
649 4127 840 4187 assecutus
870 4127 926 4188 est
958 4111 1074 4204 inde,
1107 4116 1198 4208 qnia
1228 4116 1423 4196 curiositas
1456 4117 1524 4191 vel

169 4212 319 4290 vanitas
343 4221 422 4302 erat
442 4210 485 4286 in
505 4231 633 4304 casua,
667 4235 748 4286 non
769 4212 886 4310 pietas
911 4208 975 4288 vel
995 4207 1165 4284 charitas.
