4502 5484
252 406 755 536 nautusnxxvn
785 377 939 546 cuitus
962 385 1355 532 etaso‘raalua.
1414 411 1464 521 69

476 649 805 760 TITULUS
852 645 1124 732 XXXVll'.

515 821 659 904 Cultus
683 840 722 902 et
749 820 956 903 Adoratr‘o
982 820 1079 904 Det·

118 957 296 1084 Factum
321 1017 398 1096 est,
424 1017 468 1080 ut
486 1003 633 1076 offerret
655 1005 746 1076 Cain
768 1005 813 1076 de
831 1004 1015 1080 fructibus
1036 1018 1144 1079 terrae
1162 1031 1321 1080 munera
1338 1007 1467 1080 Domi·
1485 1019 1552 1084 Gen·
1570 1021 1596 1089 4.

115 1131 171 1177 no
194 1131 202 1174 ε
231 1102 323 1174 Abel
345 1125 494 1194 quoque
513 1097 649 1168 obtulit
671 1097 717 1168 de
739 1100 994 1193 primogenitis
1020 1103 1137 1193 gregis
1159 1104 1238 1193 sui,
1258 1115 1294 1172 et
1320 1101 1366 1170 de
1383 1102 1467 1172 adi-

114 1199 230 1293 pibus
254 1219 394 1266 eorum.
416 1195 466 1263 Et
488 1217 546 1264 res
573 1192 652 1262 exit
674 1216 831 1263 munera
857 1191 957 1262 Abel.

168 1287 323 1376 Enoch,
339 1286 457 1358 Filius
480 1217 593 1372 Setli,
612 1289 724 1380 coepit
743 1286 917 1357 invocare
939 1311 1074 1357 nomen
1093 1287 1254 1358 Domini.
1483 1283 1592 1335 Eodem.

171 1381 380 1472 AEdificavit
401 1379 479 1451 Noe
499 1381 613 1452 altare
634 1381 817 1469 Domino,
839 1393 877 1450 et
894 1379 1027 1450 tollens
1045 1380 1090 1450 de
1111 1383 1255 1452 cunctis
1273 1381 1467 1476 pecoribus
1484 1395 1600 1460 Gens.

117 1475 272 1546 mundis
307 1485 343 1544 et
381 1473 616 1566 volucribus,
635 1473 789 1565 ¹obtulit
805 1472 1073 1547 'holocaustum
1101 1500 1108 1543 :
1141 1474 1389 1570 odoratusque
1412 1488 1468 1548 est

117 1570 303 1640 Dominus
325 1567 476 1639 odorem
503 1571 709 1643 suavitatis.
780 1611 785 1618 ·
884 1586 888 1596 ²

88 1675 90 1678 ’
167 1663 348 1771 Apparuit
365 1663 548 1736 Dominus
567 1663 757 1736 Abraham
778 1665 820 1735 in
836 1677 934 1737 terra
950 1661 1127 1736 Chanaan
1139 1676 1175 1736 et
1196 1663 1295 1736 dixit
1318 1665 1352 1734 ei
1372 1690 1379 1732 :
1404 1667 1468 1736 Se-
1483 1681 1550 1732 cen.
1572 1694 1613 1730 n.

117 1757 214 1865 mint
232 1770 298 1828 tuo
320 1756 415 1864 dabo
437 1767 574 1830 terram
599 1758 708 1831 hanc.
742 1759 818 1850 Qui
839 1757 1038 1834 aedificavit
1064 1760 1118 1831 ibi
1143 1760 1258 1832 altare
1283 1758 1465 1851 Domino,

119 1875 186 1943 qut
209 1861 378 1944 apparuit
407 1853 451 1924 ei.

170 1943 265 2015 Cum
283 1944 461 2016 elevasset
474 1945 601 2018 oculos
612 1947 822 2039 Abraham,
844 1960 1096 2042 apparuerunt
1111 1951 1146 2018 ei
1164 1959 1236 2018 tres
1251 1948 1348 2037 viri,
1364 1960 1466 2019 stan·
1484 1963 1552 2020 Gen·
1579 1961 1619 2012 ιδ·

120 2046 175 2106 tes
203 2062 316 2130 prope
337 2038 460 2128 ipsum
484 2064 599 2131 :quos
622 2063 708 2111 cum
730 2041 905 2132 vidisset,
919 2040 1087 2114 adoravit
1104 2043 1145 2111 in
1161 2053 1327 2128 terra,et
1343 2041 1465 2112 dixit:

120 2128 280 2197 Domine
296 2127 327 2196 si
342 2130 473 2198 inveni
484 2133 640 2220 gratiam
657 2134 696 2200 in
715 2135 832 2205 oculis
844 2137 934 2222 tuis,
945 2159 994 2205 ne
1005 2139 1169 2206 transeas
1181 2158 1332 2206 servum
1343 2145 1464 2204 tuum.

168 2221 326 2290 Paratus
337 2216 412 2288 fuit
431 2219 617 2287 Abraham
634 2223 764 2289 offerre
782 2229 860 2289 Deo
874 2229 1026 2290 unicum
1044 2226 1165 2294 filium
1185 2249 1296 2295 suunt
1307 2228 1408 2294 Isaac
1423 2226 1466 2296 in
1484 2245 1562 2296 cca·
1574 2261 1615 2295 22.

120 2312 391 2382 holocaustum.
417 2309 486 2380 Sed
500 2313 662 2381 Domino
681 2311 788 2382 aliter
802 2311 1042 2407 providente,
1070 2315 1222 2382 arietem
1249 2317 1393 2384 obtulit.

168 2403 349 2500 Apparuit
365 2403 601 2492 Dominus-in
616 2403 794 2476 Bersabee
806 2409 928 2491 Isaac,
948 2404 1095 2476 dicens:
1115 2404 1200 2476 Noli
1209 2405 1362 2497 timere,
1379 2406 1467 2501 quia
1485 2414 1551 2465 cen.
1568 2416 1609 2466 ²6·

119 2525 186 2594 ego
206 2525 290 2572 sum
311 2508 445 2568 tecum.
469 2497 666 2606 Sequitur,
682 2496 881 2571 aedificavit
895 2497 948 2568 ibi
964 2498 1078 2568 altare
1099 2497 1281 2586 Domino,
1300 2510 1366 2569 etc.

168 2597 331 2667 Locutus
350 2601 409 2663 est*
432 2591 617 2663 Dominus
639 2592 770 2682 Jacob,
800 2591 951 2663 dicens:
969 2591 1083 2684 Surge
1098 2602 1134 2661 et
1149 2589 1304 2673 ascende
1318 2591 1464 2682 bethel,
1483 2603 1551 2654 Gen·
1576 2604 1617 2656 35.

119 2701 155 2761 et
177 2689 306 2760 habita
331 2685 400 2776 ibi,
425 2685 558 2782 facque
582 2684 697 2758 altare
712 2687 895 2779 Domino,
922 2686 990 2781 qui
1015 2687 1185 2780 apparuit
1202 2685 1287 2778 tibi,
1314 2685 1490 2781 quando,

115 2785 285 2879 fugiebas
310 2783 411 2852 Esau
432 2781 585 2854 fratrem
612 2791 733 2853 tuum.
1350 2829 1357 2842 ·

165 2879 378 2951 Audierunt
401 2875 469 2949 filii
491 2874 624 2968 Isra'el,
646 2875 747 2972 quod
762 2876 949 2949 visitasset
978 2899 1039 2947 eos
1066 2874 1270 2966 Dominus,
1300 2885 1337 2946 et
1363 2875 1463 2973 quod
1482 2903 1566 2956 exod.
1587 2905 1613 2972 4.
1681 2947 1692 2976 ,

115 2975 344 3068 respexisset
363 2970 600 3044 afflictionem
625 2996 777 3061 eorum,
804 2984 841 3042 et
888 2971 972 3041 roni
993 2969 1255 3044 adoraverunt.

167 3069 371 3157 Postquam
388 3065 535 3136 locutus
556 3076 612 3135 est
630 3065 812 3136 Dominus
835 2996 887 3134 ad
896 3068 1055 3159 Moysen
1076 3063 1564 3158 dereligione'Phase,1tr0t.
1586 3097 1626 3133 ια.

119 3173 158 3232 et
187 3157 422 3321 ffimuslione
446 3158 778 3264 primogenitorum
812 3159 981 3254 AEgypti,
1015 3157 1207 3254 sequitur,
1243 3159 1464 3231 incurvatus

146 3279 168 3324 o
238 3275 281 3320 us
307 3272 328 3316 a
354 3261 483 3320 oravs.
1306 3285 1308 3292 ·
1468 3265 1472 3270 '

117 3280 144 3348 p
169 3277 302 3416 lethro
331 3339 431 3412 dixit
457 3343 579 3434 Moysi
598 3367 606 3408 ι
628 3345 719 3413 Esto
736 3354 785 3418 ,tu
806 3344 943 3436 populo
974 3345 1016 3414 in
1036 3342 1118 3432 his,
1178 3367 1239 3414 uae
1267 3343 1313 3412 ad
1342 3344 1462 3419 Deum
1481 3356 1564 3406 Eros.
1584 3358 1640 3408 rs..

123 3450 237 3528 sunt,
271 3450 315 3510 ut
340 3433 497 3524 referas,
523 3455 608 3525 quae
640 3434 819 3505 dicuntur
843 3435 889 3504 sd
917 3461 1024 3527 eum,
1057 3448 1162 3507 osten
1189 3432 1302 3528 asqiie
1326 3435 1464 3528 populo

123 3533 349 3601 ceremonlas
371 3538 409 3596 et
428 3527 542 3598 ritum
569 3525 734 3615 colendi,
752 3537 819 3595 etc.
867 3598 871 3613 ⁸

171 3623 279 3694 Dixit
299 3622 482 3712 Dominus
505 3618 552 3689 ad
572 3623 751 3716 Moysen:
773 3618 938 3692 Ascende
956 3621 998 3692 in
1019 3631 1184 3690 montem
1205 3631 1248 3689 tu
1268 3632 1304 3692 et
1320 3619 1463 3708 Aaron,
1480 3638 1563 3692 Eros.
1579 3640 1637 3708 24..
1685 3701 1694 3710 υ

123 3715 270 3804 Nadab,
288 3728 325 3787 et
345 3713 499 3806 Abihu,
526 3725 562 3785 et
586 3714 816 3809 septuaginta
839 3741 943 3787 senes
974 3739 1023 3785 ex
1047 3711 1177 3802 Israel,
1203 3725 1239 3785 et
1265 3713 1462 3787 adorabitis

122 3810 263 3905 procul.
285 3812 333 3882 Et
358 3821 442 3905 post
472 3831 589 3902 pauca
618 3809 817 3903 sequitur:
845 3810 1145 3904 Obtuleruntquc
1170 3809 1462 3905 victimasvpaci*

119 3905 213 3978 ficas
234 3905 419 3994 Domino,
440 3902 580 3977 vitulos
606 3902 809 3974 duodecim.

173 3997 350 4092 Praecepit
360 3999 543 4070 Dominus
566 3997 636 4068 sibi
651 3997 733 4069 fieri
747 3998 1046 4091 tabernaculum,
1061 4023 1147 4072 cunt
1161 3999 1275 4072 variis
1297 3997 1463 4072 utensili
1478 4008 1562 4066 hod.
1578 4013 1635 4086 ηε.)

123 4093 220 4179 bus,
236 4104 272 4163 et
287 4093 475 4164 ministros
494 4091 539 4162 ad
556 4091 761 4168 ministeria
778 4093 942 4170 ordinari
960 4093 1006 4169 ad
1023 4093 1167 4172 cultum
1181 4094 1309 4190 ipsius.
1332 4095 1386 4168 Ut
1397 4117 1464 4190 pa-

120 4198 178 4260 tet
197 4186 240 4262 in
261 4186 389 4261 multis
407 4209 506 4284 capp.
528 4182 662 4280 Exod,
