4310 5472
741 288 825 372 aa
1045 271 1308 366 motos
1349 265 1486 379 nav,
1530 215 1784 350 numana.

550 517 614 568 tue.
630 528 670 564 to·
793 491 997 564 Ambulans
1018 516 1085 587 per
1101 486 1286 563 mundum
1307 467 1490 560 Dominus
1506 483 1631 574 Jesns,
1653 503 1731 552 non
1749 476 1939 570 habebat,
1959 485 2034 556 ubi
2046 513 2107 588 cas]

550 585 625 633 ³⁰⁸³·
640 594 681 630 ¹²·
744 598 814 685 put
830 585 1033 658 reclinaret.
1053 585 1237 660 Martham
1251 607 1343 658 vero
1359 579 1551 676 specialem
1559 577 1628 650 hos
1653 575 1746 648 itam
1755 573 1896 668 legitur
1906 573 2107 656 habuisse*

550 714 614 769 tue.
632 732 672 782 19.
795 679 973 754 Gaudens
988 683 1127 778 accepit
1143 681 1346 752 Dominum
1365 675 1540 748 Zachaeus
1558 672 1600 745 in
1618 767 1626 782 ι
1643 695 1728 782 omo
1750 693 1837 781 snaz
1853 681 1892 742 et
1910 671 2107 756 Dominus

746 779 873 946 {psum
892 777 1008 943 rfnagis
1027 775 1250 872 gaudentem
1266 771 1405 867 effecit,
1419 768 1569 868 quando
1590 767 1690 843 dtmt
1710 791 1718 837 ε
1742 763 1861 838 Hodie
1887 766 2005 844 salus
2023 771 2107 848 huic}

915 895 956 942 ac
1071 918 1085 943 ι.

554 991 617 1048 Luc.
637 992 679 1060 24.
774 885 1158 1062 opppmplpdplspmm
1175 965 1266 1040 disci
1293 963 1463 1054 olorum,
1484 960 1551 1056 qui
1571 961 1777 1032 Dominum
1790 955 1834 1068 in
1852 963 1991 1068 specie
2005 987 2084 1058 pere·
2106 965 2107 1008 l

747 1063 844 1158 grini
856 1065 1053 1154 coegerunt
1064 1061 1111 1132 ad
1130 991 1377 1150 manendum,
1388 1069 1553 1155 apparet,
1594 1053 1670 1128 uod
1680 1072 1868 1150 percgmu
1885 1059 2077 1134 monaulon

745 1153 905 1228 vocandi
927 1157 1078 1227 suntad
1099 1154 1322 1254 hospitium,
1344 1154 1409 1226 sed
1439 1083 1692 1248 compellendi.
1725 1244 1733 1260 ι

552 1274 644 1324 Acar.
659 1287 698 1324 ιο.
793 1247 960 1346 Apostoli
974 1247 1260 1346 hospitabantur
1274 1263 1319 1323 nt
1334 1249 1559 1345 plurimum,
1576 1248 1620 1320 in
1636 1244 1809 1318 domtbus
1826 1247 2041 1342 artificum,
2055 1261 2079 1322 et

745 1341 945 1417 hominum
961 1344 1217 1418 mediocrium.
1233 1343 1344 1418 Unde
1363 1343 1500 1438 legitur
1513 1341 1559 1414 de
1578 1341 1690 1413 Petro
1713 1364 1720 1406 :
1748 1339 1817 1410 llic
1836 1338 2080 1438 hospitabatur

747 1437 846 1532 apud
863 1442 1050 1510 Simonem
1069 1440 1255 1534 quendam
1271 1439 1486 1528 coriarium,
1504 1439 1614 1530 cujus
1633 1433 1767 1507 domus
1782 1445 1837 1505 est
1849 1439 1957 1530 juxta
1974 1464 2083 1510 mare.

557 1545 649 1598 actor.
664 1544 708 1595 as.
795 1533 886 1696 1th
904 1531 949 1602 de
966 1531 1105 1605 Paulo:
1124 1534 1297 1608 manebat
1308 1533 1408 1630 apud
1419 1531 1593 1629 Aquilam
1612 1542 1649 1603 et
1662 1527 1876 1620 Priscillam,
1892 1533 1982 1626 qaia
1999 1545 2080 1606 erat

748 1627 831 1696 e'us
857 1651 916 1697 em
946 1627 1046 1698 artis.

555 1739 646 1790 Actoa
664 1739 704 1790 so.
768 1651 781 1719 1
797 1719 947 1792 Obnixe
962 1731 999 1792 et
1014 1724 1198 1795 instanter
1215 1721 1407 1818 deprecata
1425 1733 1481 1794 est
1496 1719 1619 1818 Lydia
1636 1720 1855 1816 purpuraria
1871 1719 2033 1798 Paulum
2046 1735 2075 1798 et

750 1812 866 1886 socios
883 1816 1044 1911 eius‚'ut
1062 1829 1255 1892 manerent
1272 1817 1372 1914 apud
1383 1840 1464 1890 eam
1479 1817 1521 1888 in
1532 1816 1642 1888 domo
1660 1839 1744 1907 sua,
1766 1825 1803 1886 et
1814 1817 1932 1912 coegit
1947 1841 2008 1891 eos
2022 1834 2071 1892 etc.

555 1929 647 1981 taor.
661 1929 704 1984 as.
798 1907 893 1982 Cum
908 1911 1113 1986 evasissent
1128 1911 1266 1986 Paulus
1283 1925 1319 1986 et
1335 1912 1426 1986 socii
1441 1914 1523 2008 ejus
1539 1911 1585 1984 de
1601 1907 1790 1984 confracta
1803 1912 1899 1986 navi
1916 1939 1924 1982 :
1941 1911 2070 1986 Publius

746 2008 918 2102 pn'nceps
939 2005 1072 2080 insulae
1094 2005 1195 2081 illius
1217 2009 1321 2106 ipsos
1338 2008 1558 2105 suscipiens,
1585 2004 1711 2078 triduo
1735 2003 1900 2102 benigne
1923 2007 2069 2081 exhibuit

748 2099 919 2173 victum:
943 2099 1082 2175 Paulus
1104 2113 1230 2176 autem
1251 2116 1395 2202 patrem
1413 2103 1530 2196 ipsius
1550 2099 1716 2173 febribus
1742 2111 1780 2173 et
1805 2099 2018 2198 dysenterib
2027 2101 2069 2175 lt·

748 2192 961 2288 borantem,
982 2199 1149 2269 oratione
1167 2211 1204 2270 et
1224 2217 1408 2270 manuum
1431 2197 1667 2292 impositione
1684 2196 1843 2271 sanavit.

796 2289 950 2362 Urbana
981 2288 1119 2364 fiducia
1150 2293 1326 2366 utebatur
1362 2291 1501 2365 Paulus
1535 2291 1698 2366 scribens
1741 2289 1972 2387 Philemoni,
1999 2317 2061 2364 mm

748 2381 875 2458 dixit:
904 2385 1000 2458 Para
1020 2386 1118 2459 mihi
1141 2384 1371 2482 hospitium,
1399 2411 1488 2460 nam
1509 2412 1615 2483 spero
1646 2411 1712 2482 per
1735 2387 1930 2464 orationes
1957 2399 2066 2463 assuas

749 2477 882 2548 donari
906 2503 967 2548 me
995 2480 1114 2550 vobis.

614 2605 626 2637 r
659 2602 698 2636 ι.
799 2569 903 2639 Inter
918 2579 1068 2658 caetera,
1091 2567 1138 2638 ad
1165 2591 1249 2662 quae
1276 2570 1480 2666 specialiter
1501 2575 1641 2650 Paulus
1660 2574 1807 2648 inducit
1830 2579 2010 2670 naama,
2026 2589 2063 2650 est

744 2655 991 2752 hospitalitas.
1014 2659 1309 2766 Hospitalitatem
1330 2667 1445 2739 nolite
1470 2669 1656 2763 oblivisci,
1682 2695 1748 2768 per
1771 2671 1877 2748 hano
1899 2675 2061 2770 enimqui-

750 2748 837 2822 dam
855 2751 1074 2844 placuerunt
1104 2755 1253 2850 angelis.

710 2847 714 2854 '
800 2843 1042 2918 Commendat
1062 2849 1195 2944 Caium
1219 2852 1350 2924 beatus
1377 2856 1537 2930 loannes
1561 2861 1602 2932 in
1621 2863 1731 2934 tertia
1755 2883 1828 2936 sua
1859 2863 1992 2958 epistola
2013 2860 2065 2928 di-

752 2957 866 3007 cens:
891 2937 1128 3048 Qhanssime,
1152 2941 1309 3020 fideliter
1329 2947 1464 3046 facias,
1491 2953 1675 3054 quidquid
1705 2960 1869 3054 operaris
1889 2953 2062 3034 naama

752 3041 789 3102 et
813 3027 884 3104 hoc
902 3055 952 3107 un
974 3038 1194 3134 peregrinos.

1137 3195 1509 3289 T‘ITULUS
1546 3204 1710 3292 LXV.

1299 3367 1546 3462 Humilitas.

617 3585 624 3601 ·
676 3586 684 3602 ·
749 3487 890 3662 Dixit
911 3553 1073 3654 Angelus
1095 3555 1141 3628 ad
1157 3554 1254 3650 Agar
1273 3580 1281 3626 :
1302 3557 1497 3634 Revertere
1522 3561 1571 3634 ad
1595 3563 1793 3640 Dominam
1819 3579 1946 3666 tuam,
1963 3579 1997 3644 et
2018 3566 2070 3639 b'u-

748 3647 890 3722 miliare
910 3653 979 3723 sub
1001 3677 1119 3724 manu
1141 3650 1269 3744 ipsius.
2106 3667 2107 3738 l

797 3741 996 3847 Humiliter
1019 3744 1242 3840 loquebatur
1260 3743 1448 3820 Abraham
1478 3751 1654 3844 Domino,
1683 3749 1810 3831 dicens
1825 3785 1849 3848 ,τ
1875 3761 2027 3864 Loqdar
2043 3751 2076 3830 al
2106 3759 2107 3780 ¹

748 3833 952 3907 Dominum
968 3863 1109 3929 meum,
1135 3865 1221 3920 cum
1244 3867 1328 3914 sum
1357 3843 1482 3938 pulvis
1509 3857 1546 3916 et
1573 3847 1677 3920 cinis.
2106 3919 2107 3926 ,

555 3943 623 3995 cen.
642 3943 683 3994 33.
752 4021 759 4035 ι
798 3925 959 4037 Multum
979 3929 1194 4026 humiliavit
1221 3960 1258 4008 se
1285 3936 1398 4010 Jacob
1428 3962 1551 4014 coram
1576 3943 1702 4039 Esau,
1724 3958 1762 4018 et
1783 3949 1837 4022 sic
1865 3946 2079 4053 compescuit

748 4044 843 4092 nam
872 4047 965 4118 ejus.
1380 4063 1385 4072 ·
1509 4111 1517 4128 ‚
2106 4097 2107 4102 ,

551 4111 733 4191 medaeas.
785 4113 1007 4221 Quinquies
1023 4123 1217 4225 excusarit
1236 4149 1275 4228 se
1290 4131 1456 4230 Moyses„
1477 4141 1678 4233 antequam
1700 4129 1814 4240 pellet
1835 4143 2004 4248 accipere
2020 4135 2080 4214 du·
2106 4211 2107 4218 .
