4310 5472
1229 310 1241 355 t

366 429 634 524 'I'ITULUS
669 431 810 522 LXV.
859 376 1112 524 Humilittts.
1339 469 1413 524 121

12 697 18 734 1
111 671 169 742 De
188 692 265 764 quo
279 666 403 741 notari
423 678 567 762 potest,
593 666 695 763 quod
718 668 928 764 superbiet
954 669 1090 743 mundi
1108 679 1290 741 amatores
1318 667 1416 739 circa

49 777 216 860 septum
234 765 377 837 versari
394 763 514 838 solent
533 775 570 834 et
585 769 770 858 appetere,
793 763 855 840 vel
873 766 915 838 in
940 765 1082 861 adeptis
1111 763 1317 860 specialiter
1335 759 1416 858 glo-

50 861 178 951 11011,
199 860 337 955 quibus
361 869 507 929 constat
536 857 578 930 in
599 881 708 928 cruce
728 859 934 934 Dominum
960 862 1143 954 caruisse,
1166 871 1202 932 et
1229 859 1415 933 contraria

50 953 252 1028 habuisse.
271 955 359 1026 Haec
378 963 506 1024 autem
523 951 597 1022 dici
618 964 795 1046 possunt:
813 957 975 1028 Terrena
988 956 1201 1045 affluentia,
1222 953 1415 1026 mundana

51 1051 273 1144 sapientia,
296 1046 454 1119 carnalis
483 1045 635 1137 laetitia,
659 1046 848 1140 popularis
869 1049 990 1145 sama,
1021 1053 1133 1124 turba
1158 1047 1414 1141 famulorum,

49 1143 223 1238 dejectio
259 1142 522 1231 inimicorum,
564 1140 812 1213 numerositas
841 1147 1055 1218 amicorum.
1083 1144 1268 1216 'Christus
1306 1144 1415 1216 Jesus
1515 1153 1518 1164 '

52 1251 193 1310 autem
212 1235 398 1306 Dominus
422 1248 550 1308 noster
571 1237 613 1305 10
642 1257 752 1306 cruce
778 1233 852 1308 suit
880 1240 1165 1333 pauperrimus,
1193 1238 1282 1330 quia
1303 1238 1417 1309 vesti·

54 1329 205 1403 mentis
221 1328 408 1420 nudatus,
427 1328 582 1402 loannis
600 1354 652 1495 ιζ.
676 1328 765 1400 Fuit
788 1333 925 1405 stultus
945 1345 982 1406 et
1003 1333 1184 1426 insipiens
1203 1341 1416 1428 reputatus3

55 1451 157 1498 nam
183 1425 343 1498 verbum
366 1425 486 1496 crucis
517 1425 618 1520 genti
644 1450 690 1497 us
725 1426 883 1499 stultitia
915 1440 992 1518 est,
1022 1453 1051 1497 1.
1075 1424 1359 1499 Corinthiorum
1386 1451 1415 1497 1.

55 1521 158 1592 Item
175 1516 388 1590 diffamatus
404 1517 503 1612 fuit,
530 1531 567 1591 et
594 1519 767 1592 seductor
783 1521 912 1617 populi
934 1521 1149 1617 appellatus.
1178 1518 1418 1593 [1011011110-

55 1627 155 1688 runt
174 1613 220 1684 de
242 1636 286 1684 eo
308 1613 493 1710 principes
516 1614 989 1690 sacerdotum÷1tecordati
1006 1640 1160 1708 sumus,
1180 1615 1269 1710 quia
1284 1614 1417 1692 seduc-

56 1722 123 1782 tor
148 1707 211 1781 ille
237 1719 306 1780 etc.
344 1709 390 1781 10
413 1734 522 1784 cruce
555 1711 710 1806 insuper
737 1709 1013 1806 quodammodo
1036 1708 1113 1782 fuit
1137 1712 1288 1804 rictus,
1325 1709 1417 1804 quia

55 1806 207 1876 occisus
239 1802 419 1876 inclinato
451 1807 570 1901 capite
604 1804 759 1880 tradidit
793 1807 976 1904 spiritum.
1020 1804 1077 1877 lbi
1109 1806 1221 1878 etiam
1250 1805 1417 1877 anticum

57 1897 214 1970 nullum
242 1895 386 1969 habuit.
415 1899 596 1972 Torcular
617 1899 758 1974 calcavi
785 1902 912 1994 solus,
941 1899 1046 1974 etde
1069 1901 1242 1996 gentibus
1263 1909 1416 1974 nonest

58 1993 125 2065 vir
150 2017 319 2084 mecum,
340 1989 488 2065 Psalmo
511 1996 571 2092 87.
598 1993 792 2088 Elongtsti
816 2020 840 2066 a
864 2019 925 2067 me
942 1998 1104 2066 amicum
1127 2007 1164 2066 et
1184 1997 1413 2091 proximum.

59 2090 158 2162 Item
184 2087 336 2160 famulis
359 2099 396 2158 et
419 2089 537 2163 servis
554 2091 598 2160 in
620 2113 730 2161 cruce
750 2091 893 2181 caruit,
917 2089 1021 2162 unde
1043 2086 1207 2160 dicitur:
1230 2087 1414 2182 Discipuli

61 2181 195 2346 rellicto
217 2205 266 2288 ‘eo
280 2203 417 2344 ⁴orpnes
440 2180 630 2272 fugerunt.
652 2185 712 2254 Ps.
735 2187 805 2278 87:
818 2184 955 2257 Factus
977 2207 1063 2257 sum
1085 2183 1182 2255 sicut
1200 2180 1315 2256 homo
1333 2183 1414 2255 sine
1433 2203 1530 2256 111111.
1550 2219 1593 2276 ²7·

60 2299 83 2347 a
127 2287 251 2347 utono
300 2295 368 2345 ec.
1043 2329 1044 2334 ,
1287 2315 1292 2321 -

109 2302 202 2442 1011
221 2325 446 2440 miraculum
466 2367 513 2438 de
535 2364 667 2440 claudo
682 2391 749 2463 per
763 2369 919 2442 Petrum
937 2377 1085 2457 sanato,
1106 2366 1301 2440 humiliter
1314 2369 1415 2440 locu·
1433 2388 1524 2440 seror.
1546 2388 1572 2438 3.

61 2475 126 2538 tus
150 2475 205 2538 est
220 2463 377 2554 Petrus,
403 2486 484 2534 non
514 2460 726 2534 adscribens
745 2463 889 2536 factum
911 2463 1005 2553 sibi,
1032 2461 1095 2534 sed
1118 2461 1258 2536 divinae
1279 2463 1415 2536 virtuti

61 2573 100 2633 et
170 2559 486 2634 rinvocationem
514 2554 682 2630 00011011
705 2554 796 2631 Jesu
820 2556 971 2628 Christi.

142 2681 208 2730 um
230 2653 421 2726 introisset
440 2648 644 2724 Caesaream
670 2651 827 2745 Petrus,
856 2651 1006 2724 obviam
1022 2651 1127 2724 venit
1146 2653 1180 2724 ei
1203 2651 1412 2746 Cornelius,
1430 2669 1522 2722 Actor.
1546 2685 1587 2722 ιο.

59 2762 97 2824 01
119 2747 316 2848 procidens
338 2773 346 2817 :
365 2750 481 2842 Surge
502 2758 541 2820 01
560 2769 628 2841 ego
645 2748 724 2842 ipse
741 2748 858 2824 homo
883 2772 994 2842 sum,
1017 2747 1240 2839 ceretius,
1261 2745 1411 2823 elevans

58 2847 285 2920 Cornelium:
746 2863 749 2872 ’
908 2883 912 2896 .
1236 2881 1242 2896 ·

106 2940 275 3015 Audiens
291 2940 432 3014 Paulus
451 2951 488 3014 01
502 2940 711 3036 Barnabas,
726 2941 829 3040 quod
844 2938 1016 3014 homines
1035 2941 1081 3014 de
1100 2937 1251 3013 civitate
1265 2939 1415 3036 Lystris
1429 2955 1523 3012 Actor.
1536 2955 1576 3024 14.

55 3037 234 3109 dicebant
253 3061 315 3106 eos
333 3059 413 3106 esse
431 3025 553 3125 Deos,
572 3047 611 3107 et
629 3037 682 3110 eis
701 3036 906 3110 sacrificare
921 3034 1117 3127 volebant,
1134 3034 1293 3107 concisis
1309 3034 1415 3106 tuni-

61 3134 116 3202 cis
140 3127 345 3198 exilierunt
364 3128 407 3196 in
425 3131 556 3200 turbas
579 3129 802 3222 clamantes,
829 3142 866 3201 et
894 3130 1077 3201 dixerunt
1097 3131 1173 3200 eis:
1195 3130 1301 3219 Viri,
1346 3129 1413 3202 uid
1456 3139 1459 3148 ’

54 3223 135 3296 hoc
165 3215 320 3294 facitis?
343 3228 380 3288 et
405 3244 475 3292 nos
490 3222 664 3300 mortales
688 3249 820 3297 sumus
838 3223 977 3294 similes
1000 3221 1135 3312 vobis,
1156 3231 1223 3291 etc.
1246 3155 1414 3292 Tanilem

55 3321 134 3402 ,vix
161 3313 388 3390 sedaverunt
408 3312 559 3406 turbas,
577 3341 626 3387 ne
649 3317 720 3391 sibi
740 3316 987 3390 immolarent

111 3411 252 3484 Paulus
274 3403 476 3515 Apostolus
499 3409 673 3482 manibus
690 3412 938 3504 operabatur,
958 3422 1002 3482 ut
1027 3408 1181 3481 haberet
1208 3406 1416 3478 necessaria
1430 3419 1522 3470 Actor.
1539 3421 1580 3471 ts.

60 3505 137 3580 sibi
159 3519 197 3576 et
229 3503 368 3575 soci1s:
397 3510 548 3594 propter
581 3501 682 3596 quod
714 3507 827 3574 etiam
858 3504 1074 3574 morabatur
1103 3523 1191 3572 cum
1216 3497 1354 3594 Aquila
1378 3507 1416 3569 et

63 3598 234 3676 Priscilla
277 3593 346 3691 qui
374 3604 482 3666 erant
505 3592 595 3667 artis
623 3593 919 3686 scenofactoriae,
947 3595 1044 3666 sicut
1065 3593 1207 3688 etipse.

114 3693 214 3766 Alibi
237 3651 351 3764 dicit:
372 3687 427 3780 ,ad
450 3713 510 3785 ea,
533 3715 619 3789 quse
640 3689 736 3764 mihi
758 3715 852 3786 opus
874 3699 1003 3783 erant,
1031 3699 1068 3761 et
1090 3685 1151 3760 his
1176 3687 1243 3784 qui
1267 3707 1416 3758 mecum
1430 3701 1522 3754 Actor.
1542 3718 1585 3755 20.

65 3801 178 3880 sunt,
204 3787 518 3860 ministraverunt
544 3812 680 3860 manus
701 3788 794 3859 istae.
1146 3845 1151 3858 .

114 3883 315 3956 Humiliter
338 3881 383 3953 de
400 3880 447 3952 sel
458 3882 641 3956 sentiebat
666 3881 829 3974 Paulus,
854 3880 981 3956 fratris
1003 3878 1233 3955 orationibus
1251 3875 1415 3950 confide·
1432 3907 1455 3943 1·
1470 3889 1533 3944 Cor·
1549 3909 1571 3943 1·

65 3979 140 4054 bat.
163 3977 443 4073 Adjuvantibus
465 3977 574 4052 vobis
592 3979 634 4050 in
656 3978 823 4051 oratione
849 4003 918 4072 pro
936 3975 1063 4069 nobis,
1090 3975 1151 4047 ait.
1348 3995 1350 3998 ·

116 4073 312 4146 Orationes
339 4071 498 4148 aliorum
519 4071 673 4148 sollicite
691 4072 917 4172 postulavit,
947 4073 1048 4148 unde
1069 4071 1148 4144 ait:
1169 4071 1331 4144 Obsecro
1345 4089 1563 4146 vocitante.

66 4167 201 4242 fratres
228 4193 295 4263 per
317 4167 522 4242 Dominum
544 4179 716 4244 nostrum
744 4167 873 4242 lesum
895 4167 1114 4261 Christum,
1144 4179 1180 4239 et
1201 4192 1268 4262 per
1292 4165 1415 4248 chari·-⁴

67 4275 184 4368 ,1110111
205 4261 365 4364 Spiritus
387 4264 536 4366 Sancti,
561 4276 607 4344 ut
633 4263 819 4368 adjugetis
835 4287 897 4344 me
918 4268 961 4343 in
978 4261 1221 4358 orationibus

1056 4357 1088 4450 Q
1109 4482 1114 4491 .
