4498 5462
634 358 718 444 '158
847 325 1122 469 ,TITULUS‘
1163 341 1403 434 LXXXIV.
1445 339 1763 426 duramentum.

638 469 1989 514 ΜΗ

437 587 529 642 Actor·
548 585 590 636 23·
684 577 861 671 Princeps
890 573 1120 646 sacerdotum
1140 567 1314 663 praecepit
1333 572 1524 660 percutere
1545 585 1586 632 os
1603 554 1728 643 Pauli,
1740 565 1833 630 tunc
1849 557 1989 631 Paulus

626 675 688 744 voit
712 697 719 739 :
745 672 930 742 Percutiet
948 682 983 740 te
995 670 1201 753 Dominus,
1219 663 1338 758 paries
1365 657 1546 745 dealbate3
1565 666 1601 726 et
1624 665 1668 723 tu
1694 652 1825 725 sedens
1845 654 1991 746 judicas

636 792 696 839 me
728 766 931 838 secundum
951 765 1091 858 legem,
1117 775 1153 832 et
1175 770 1303 830 contra
1320 756 1436 847 legem
1449 751 1564 850 jubes
1591 774 1650 819 me
1678 745 1848 855 percuti?

437 879 530 930 Actor.
546 878 592 945 πή.
684 861 787 933 Licet
812 862 1096 936 Paulus'cornm
1123 856 1239 926 Felice
1270 848 1425 947 praeside
1455 871 1493 916 se
1519 842 1789 916 rationabditer
1812 845 1992 918 excusAs-

637 969 710 1048 set,
728 958 849 1028 voluit
866 970 988 1028 tamen
1003 955 1109 1025 Felix
1122 951 1274 1046 gratiam
1288 954 1460 1039 praestare
1473 939 1630 1031 Judaeis,
1646 951 1683 1009 et
1703 939 1865 1013 Paulum
1885 943 1993 1017 vinc-

637 1065 720 1124 tum
753 1053 956 1123 successori
981 1077 1049 1120 suo
1071 1050 1180 1118 Festo
1202 1042 1364 1136 reliquit.

439 1152 532 1205 ‘letw-
558 1151 600 1204 ²⁵·
686 1147 793 1219 Dixit
815 1148 947 1218 Festus
974 1167 1135 1238 praeses:
1160 1137 1244 1209 Non
1271 1147 1327 1217 est
1352 1128 1583 1201 consuetudo
1610 1131 1785 1201 Romanis
1816 1129 1991 1204 damnare

638 1241 801 1336 aliquem
824 1241 1032 1326 hominem,
1054 1240 1272 1330 priusquam
1299 1236 1353 1318 is,
1384 1227 1450 1322 qui
1468 1237 1681 1322 accusatur,
1697 1240 1898 1318 praesentes
1923 1225 1993 1298 ha-

637 1338 722 1408 beat
747 1347 1000 1424 accusatores,
1014 1332 1214 1424 locumque
1233 1319 1457 1396 defendendi
1479 1319 1633 1414 accipiat
1655 1319 1703 1390 ad
1723 1321 1906 1394 abluenda
1921 1325 1994 1396 cri-

638 1455 752 1502 nuna.
1746 1475 1755 1485 .

439 1527 554 1580 stilae·
688 1525 819 1596 Festus
844 1523 976 1596 nolens
1005 1523 1237 1618 acquiescere
1267 1516 1428 1606 Judaeis,
1454 1512 1520 1608 qui
1549 1511 1748 1606 petierant,
1777 1523 1820 1582 ut
1847 1511 1989 1585 Paulus

638 1618 935 1716 Hierosolymam
955 1617 1176 1706 duceretur,
1197 1613 1296 1686 dixit
1314 1611 1452 1684 Paulo:
1470 1609 1537 1678 Vis
1550 1607 1839 1702 Hierosolymam
1857 1631 1989 1680 ascen-

639 1713 745 1804 dere,
773 1726 809 1784 et
832 1714 883 1814 ibi
907 1713 1067 1806 judicari
1094 1705 1332 1807 super'istis'?
1356 1703 1595 1800 Respondens
1616 1701 1712 1774 dixit
1728 1701 1897 1773 Paulus:
1931 1703 1991 1774 Ad

637 1809 805 1881 tribunal
822 1808 843 1878 J
847 1808 964 1880 udicis
983 1821 1059 1901 sto,
1079 1807 1261 1878 Caesarem
1275 1802 1427 1899 appello.
1447 1801 1554 1870 Tunc
1573 1797 1703 1868 Festus
1726 1821 1813 1866 cum
1833 1796 1993 1868 concilio

634 1902 804 1993 locutus,
820 1903 1011 1999 respondit
1035 1929 1042 1971 :
1071 1902 1249 1974 Caesarem
1271 1897 1482 1994 appelldsti,
1499 1893 1546 1965 ad
1563 1894 1744 1996 Caesarem
1762 1890 1844 1962 ibis.

440 2029 532 2082 Actor.
551 2031 596 2082 26.
686 2000 835 2072 Auditis
862 1999 1071 2072 rationibus
1097 1997 1223 2089 Pauli,
1251 1994 1412 2089 Agrippa
1433 2017 1525 2077 rex,
1547 2001 1583 2062 et
1615 2013 1750 2083 praeses
1778 1987 1910 2058 Festus
1935 1987 1991 2060 lo-

640 2094 854 2187 quebantur
874 2093 921 2164 ad
943 2095 1107 2166 invicem
1134 2092 1322 2164 dicentes:
1375 2089 1437 2161 uia
1465 2085 1560 2158 nihil
1585 2097 1703 2156 morte
1725 2083 1881 2178 dignum
1903 2081 1993 2156 fecit

642 2187 757 2260 homo
785 2191 865 2260 iste.
887 2190 1048 2285 Agrippa
1079 2203 1205 2262 autem
1222 2188 1332 2259 Festo
1347 2115 1467 2272 dixit:
1483 2181 1632 2255 Dimitti
1652 2191 1797 2276 poterat
1822 2176 1901 2273 hic,
1919 2179 1993 2252 nisi

639 2284 857 2380 appelldssct
888 2285 1079 2358 Caesarem.
1881 2293 1887 2306 ’

984 2467 1291 2544 TITULUS
1348 2458 1622 2544 LXXXIV.

1058 2635 1065 2644 '
1091 2695 1097 2706 .
1159 2635 1494 2719 Juromenlum..

438 2843 506 2897 cen.
531 2859 574 2894 αι.
637 2763 781 2899 Dixit
804 2821 1020 2898 Abimelech
1042 2801 1229 2896 Abrabam
1248 2847 1255 2891 :
1276 2824 1376 2896 Deus
1397 2835 1523 2896 tecum
1549 2821 1664 2896 estin
1685 2821 1889 2913 universis,
1905 2845 1989 2919 quae

638 2925 715 3016 agis
739 2946 746 2990 :
771 2921 864 2991 lura
886 2947 973 2993 eruo
994 2918 1100 2992 mihi.
1128 2919 1309 3016 Dixitque
1332 2919 1521 2992 Abraham
1549 2945 1556 2990 :
1584 2921 1662 3014 Ego
1688 2920 1833 3015 jurabo.

438 3041 507 3093 cen.
526 3041 567 3090 31·
686 3018 800 3129 Jacob
821 3019 936 3184 etELa
962 3041 1011 3088 an
1032 3017 1200 3088 inierunt
1218 3013 1364 3110 foedus,
1381 3028 1417 3089 et
1432 3015 1575 3111 juravit
1593 3015 1706 3087 Jacob
1730 3041 1798 3110 per
1819 3014 1991 3088 timorem

437 3225 523 3277 Eros.
547 3242 572 3276 α.
636 3127 835 3306 pablbdyibld
861 3135 1033 3374 pldidltt,
1066 3206 1167 3318 quod
1189 3183 1387 3279 'habitaret
1426 3177 1514 3282 cum
1552 3207 1710 3301 tethro,
1739 3218 1775 3277 et
1808 3205 1987 3299 acciperet

636 3304 838 3472 Sephoram
877 3302 975 3372 'liam
999 3305 1080 3396 ejus
1106 3330 1148 3375 m
1175 3327 1343 3375 uxorem.

440 3427 464 3464 ι.
487 3414 552 3483 seg.
573 3428 616 3465 20.
716 3401 827 3496 epigit
848 3397 1028 3471 Jonathas
1051 3395 1173 3472 foedus
1188 3423 1275 3472 cum
1290 3397 1411 3472 David
1433 3400 1475 3470 iu
1507 3399 1683 3492 Domino,
1710 3407 1746 3470 et
1763 3399 1988 3494 juraverunt

635 3495 756 3570 ambo.

394 3649 402 3661 ,
437 3625 463 3664 ι.
486 3611 550 3680 aeg.
573 3611 615 3665 25.
684 3590 851 3666 Audiens
866 3588 990 3663 David
1008 3587 1184 3660 duritiam
1205 3588 1340 3680 Nabal,
1362 3590 1413 3661 ait
1435 3613 1442 3658 :
1466 3589 1544 3661 Hoc
1566 3589 1678 3663 saciat
1699 3587 1883 3660 Dominus
1910 3583 1991 3656 ini-

635 3689 743 3760 micis
754 3687 893 3777 David,
909 3697 945 3754 et
967 3681 1144 3775 addat‚'si
1160 3686 1345 3778 reliquero
1361 3685 1407 3756 de
1422 3685 1614 3780 omnibus,
1634 3707 1717 3783 quae
1737 3681 1783 3766 ad
1802 3705 1889 3753 eum
1905 3703 1993 3776 per-

633 3783 773 3867 tinent,
795 3805 915 3872 usque
937 3776 983 3849 ad
1011 3804 1142 3873 mane,
1166 3781 1277 3852 etiam
1296 3780 1523 3872 mingentem
1552 3784 1598 3854 ad
1636 3779 1808 3854 'arietem

436 3919 462 3955 s.
480 3903 544 3971 neg.
573 3919 614 3970 ¹9·
683 3873 812 3943 Flente
832 3872 953 3946 David
986 3899 1055 4036 pro
1085 3886 1204 3946 morte
1227 3873 1388 3947 Absalon
1417 3873 1485 3946 filii
1507 3877 1588 3970 sui,
1620 3810 1719 3950 dixit
1737 3873 1829 3946 Joab
1850 3871 1858 3939 ἑ
1880 3895 1996 3966 surge

636 3979 673 4038 et
697 3967 872 4075 procede,
900 3980 938 4038 et
965 3966 1156 4062 eloquens
1181 3967 1329 4042 satisfac
1347 3969 1465 4042 servis
1484 3973 1570 4043 tuis.
1594 3973 1686 4047 Juro
1708 3971 1811 4043 enim
1833 3967 1906 4065 tibi
1927 3991 1996 4062 per

632 4064 856 4155 Dominum,
876 4059 977 4158 quod
995 4071 1028 4135 st
1049 4088 1127 4139 non
1144 4066 1299 4159 exieris,
1315 4087 1363 4140 ne
1379 4090 1482 4140 unus
1505 4067 1658 4164 quidem
1676 4087 1919 4146 remansurus
1938 4061 1990 4136 sit

632 4170 757 4232 tecum
776 4170 884 4234 nocte
912 4153 996 4232 heic.
