4452 5462
14 496 67 564 tu
100 383 1453 570 Q

14 601 86 638 s

65 697 67 707 t
147 635 575 708 InvasittimorDomini
642 632 840 730 pulum,et
857 634 993 727 egressi
1010 634 1242 728 sunt,quasi
1259 633 1321 704 vir
1333 656 1454 721 unus,
1474 668 1496 704 t.
1511 653 1572 720 neg.
1586 669 1617 703 n.
1662 633 1672 652 ⁹

14 689 88 774 'llll'
101 729 147 802 ad
171 730 463 802 succurrendum
486 661 641 801 fratrib0

622 756 666 802 us
689 730 766 801 suis
788 730 827 800 in
857 729 965 800 Jabes
989 727 1127 800 Galaad
1152 728 1318 800 obsessis.

24 883 27 894 .
58 889 61 900 ,
83 895 85 906 ,
148 825 344 898 Venerunt
366 827 552 898 universae
564 825 685 896 tribus
701 824 813 896 laralil
831 823 878 895 ad
895 822 1017 898 David
1039 825 1080 896 in
1095 824 1263 916 Hebron,
1283 835 1319 893 et
1336 849 1454 894 unxe·
1471 865 1496 902 s.
1510 853 1572 918 neg.
1587 847 1611 902 5.

14 901 191 1006 mirum
213 945 298 991 eum
322 921 363 991 in
384 943 505 1012 regem
530 945 573 990 su
601 945 641 990 er
661 919 755 991 illos.

14 1000 89 1141 zmil
147 1016 332 1088 Convenit
355 1013 400 1084 ad
425 1037 545 1107 regem
571 946 801 1086 iatomonem
824 1015 1026 1090 universus
1052 1015 1183 1104 lsra'dl,
1203 1027 1240 1085 et
1259 1027 1351 1086 tune
1369 1014 1453 1086 fue·
1473 1049 1608 1118 „mg

27 1082 187 1184 labrum
211 1135 295 1179 area
317 1123 353 1181 et
373 1133 462 1180 vasa
485 1112 687 1182 sanctuarii
710 1110 830 1183 delata
851 1113 892 1181 in
912 1111 1113 1206 templum,
1128 1124 1165 1182 et
1184 1112 1307 1204 ipsum
1332 1111 1453 1182 solen-

20 1173 197 1276 ellelfniter
219 1203 441 1276 dedicatum.
1515 1213 1517 1218 ’

145 1299 396 1390 Congregetus
415 1313 474 1372 est
496 1304 617 1374 omnis
641 1303 820 1400 populus,
867 1304 947 1375 uasi
964 1304 1027 1378 vir
1047 1327 1147 1376 unus
1167 1303 1209 1373 in
1229 1301 1454 1395 Jerusalem,
1473 1326 1601 1380 nasta

14 1366 81 1538 Q
92 1395 140 1559 Γᾶ
169 1394 467 1560 ι’ίρενάίῦοειηάιιηι
494 1400 694 1497 templum,
712 1397 813 1496 quod
835 1328 959 1472 luerat
985 1426 1008 1472 a
1030 1425 1113 1496 rege
1135 1397 1342 1496 Babylonis
1375 1397 1455 1472 des.

111 1515 178 1560 ruc
199 1517 272 1561 om.
1406 1511 1412 1522 ι

14 1560 73 1654 ab,
141 1584 404 1688 Congregetur
420 1603 476 1661 est
497 1593 619 1662 omnis
645 1592 824 1690 populus,
843 1595 951 1684 quasi
972 1594 1035 1665 vir
1056 1619 1178 1684 unus,
1198 1593 1244 1664 ad
1269 1591 1453 1688 plateam,
1471 1632 1496 1667 α.
1510 1616 1572 1668 Est.
1587 1616 1612 1666 a.

14 1673 64 1764 tp·
91 1689 128 1747 et
153 1677 334 1748 dixerunt
358 1681 503 1770 Esdrae,
524 1696 566 1752 ut
589 1685 736 1756 afferret
761 1687 900 1756 librum
922 1688 1014 1780 legis
1035 1691 1198 1760 Domini.

14 1765 54 1823 stu
139 1769 237 1840 Cum
266 1775 499 1865 exposuisset
528 1775 666 1848 Achiui·
694 1779 894 1864 universa,
928 1806 1012 1872 quae
1039 1782 1188 1845 dixerat
1204 1780 1616 1868 Holofernoeshdstnc„

84 1865 213 1935 omnis
240 1865 400 1958 populus
429 1870 620 1936 communi
641 1869 905 1937 lamentatione
925 1883 962 1935 et
987 1869 1081 1953 fletu'
1108 1871 1305 1938 unanimes
1328 1895 1454 1962 preces

20 1957 65 2052 lle
92 1983 180 2031 suas
204 1959 366 2030 Domino
388 1957 611 2035 effuderunt.

14 2055 66 2110 itu
137 2055 229 2124 Post
252 2065 408 2125 mortem
432 2053 540 2126 Judae
555 2059 764 2149 congregati
787 2065 876 2125 sum
900 2081 1028 2128 omnes
1045 2056 1152 2127 amici
1171 2059 1276 2150 ejus,
1296 2067 1332 2126 et
1349 2056 1454 2130 dixe·
1475 2082 1631 2151 stanna

46 2229 60 2240 Η
88 2161 182 2224 runt
203 2147 377 2220 Jonathae
398 2147 506 2222 fratri
527 2153 636 2244 ejus:
662 2153 721 2222 Ex
745 2175 822 2246 quo
844 2150 960 2222 frater
988 2165 1077 2223 tuus
1099 2149 1301 2223 defunctus
1315 2164 1374 2222 est
1385 2167 1453 2224 ete

14 2247 65 2324 isa·
87 2241 201 2316 Nunc
223 2244 351 2340 itaque
372 2256 409 2316 te
431 2246 601 2340 eligimus
623 2273 690 2342 pro
718 2271 762 2318 eo
788 2273 869 2319 esse
891 2247 1000 2318 nobis
1023 2247 1229 2343 principem
1256 2259 1293 2318 et
1320 2246 1454 2320 ducem

87 2338 135 2410 ad
165 2337 384 2411 bellandum
410 2339 549 2412 bellum
578 2355 760 2414 nostrum.
1020 2380 1023 2388 2
1534 2431 1536 2435 .

135 2433 291 2508 Auditis
304 2437 538 2509 sermonibus
554 2439 732 2529 Simonis,
748 2461 924 2512 accensus
942 2451 998 2511 est
1010 2438 1164 2534 spiritus
1181 2437 1308 2532 populi
1322 2439 1454 2532 simul,
1470 2486 1490 2520 1.
1513 2468 1598 2521 tract.
1613 2467 1648 2522 a.

84 2544 122 2604 et
142 2555 240 2604 voce
256 2556 388 2626 magna
410 2531 591 2606 dixerunt
608 2559 615 2603 :
634 2535 693 2606 Tu
707 2561 746 2607 es
765 2534 848 2606 dux
862 2533 1081 2607 nosterloco
1097 2532 1205 2604 dudae
1220 2546 1257 2604 et
1269 2533 1451 2605 Jonathae.

132 2629 228 2698 Post
251 2628 502 2700 ascensionem
531 2631 684 2702 Domini
704 2656 832 2703 omnes
855 2629 1028 2726 discipuli
1050 2641 1156 2702 erant
1174 2641 1454 2722 perseverantes
1470 2673 1531 2726 Act.
1549 2690 1571 2723 ,‚
1584 2679 1648 2724 e„
1746 2687 1749 2692 -

79 2725 123 2794 in
153 2724 328 2794 oratione
358 2749 443 2795 cum
463 2724 684 2800 mulieribus
707 2740 744 2800 et
760 2728 877 2800 Maria
906 2737 1024 2799 matre
1040 2725 1153 2815 Jesu,
1177 2737 1215 2796 et
1239 2725 1291 2795 sic
1307 2724 1470 2798 invenit
1520 2751 1524 2776 ¹

14 2827 52 2898 tn
77 2841 146 2890 eos
171 2817 342 2911 Spiritus
366 2833 525 2894 sanctus
937 2879 939 2893 ἐ

14 2923 42 2992 [n
131 2915 297 3001 (lomes,
316 2917 383 3009 qui
404 2915 624 3008 credebant,
645 2921 783 3014 pariter
804 2927 1092 3010 erant‚recepto
1105 2915 1243 3005 Spiritu
1261 2925 1456 3003 sanctae
1472 2944 1580 2996 sotem.
1647 2937 1650 2944 ’

14 3011 43 3086 ,sl
78 3005 281 3076 habebant
305 3012 433 3073 omnin
459 3015 689 3098 eommunia,
712 3012 941 3082 unanimiter
962 3008 1208 3100 perdurantes
1235 3003 1455 3098 intemplo,

14 3125 49 3184 ,m
79 3111 121 3169 et
152 3095 372 3184 frangentes
396 3098 492 3164 circa
518 3097 647 3166 domos
669 3123 793 3189 panes.

14 3213 50 3282 tp
135 3191 239 3262 Cum
267 3186 458 3258 audissent
483 3187 658 3280 discipuli
687 3189 733 3258 de
765 3188 957 3259 sanatione
984 3185 1125 3275 claudi,
1148 3198 1185 3255 et
1216 3195 1456 3279 responsione
1474 3218 1602 3284 neunt.

14 3327 50 3378 nt·
78 3287 193 3360 Petri
228 3294 268 3352 et
284 3280 445 3352 ‘Joannis
473 3279 518 3350 ad
547 3282 783 3374 magistratus
815 3280 954 3375 plebis,
976 3279 1206 3351 unanimiter
1232 3280 1455 3355 levaverunt

14 3400 49 3476 ,tut
79 3406 250 3466 vocem,
272 3387 310 3449 et
335 3377 537 3451 dixerunt:
554 3376 730 3480 Domine,
749 3376 816 3470 qui
844 3372 966 3447 fecisti
992 3372 1130 3445 coelum
1152 3386 1190 3444 et
1216 3385 1376 3466 terram,
1403 3375 1450 3446 da

15 3503 49 3573 gn
76 3477 210 3551 servis
236 3474 312 3544 tuis
340 3457 408 3543 elo
1176 3491 1187 3512 =

132 3568 294 3644 Ponitis
321 3567 366 3638 ad
395 3591 523 3642 vocem
545 3567 647 3639 Petri
672 3565 888 3639 terribiliter
908 3565 1054 3637 Anania
1086 3575 1124 3635 et
1139 3588 1260 3636 uxore
1286 3565 1367 3657 ejus
1395 3565 1455 3637 Sa·
1473 3605 1562 3658 gem,
1578 3603 1602 3656 5.
1697 3603 1710 3632 .-

14 3691 46 3761 ’μ
81 3667 227 3766 phira,
249 3662 369 3735 factus
391 3678 448 3734 est
461 3665 576 3735 timor
593 3689 749 3757 magnus
764 3665 805 3734 in
821 3662 999 3734 universa
1013 3673 1130 3753 terra,
1147 3672 1183 3730 et
1200 3669 1307 3729 erant
1326 3683 1455 3732 omnes

14 3803 44 3854 ,g-
80 3761 327 3838 unanimiter
356 3761 393 3830 in
418 3763 563 3854 porticu
593 3759 807 3830 Salomonis.
1262 3807 1272 3824 .
1445 3851 1447 3856 Ι

14 3881 42 3950 p
135 3853 402 3928 Multitudinis
418 3853 647 3926 credentium
669 3866 748 3925 erat
770 3878 834 3926 cor
849 3878 968 3932 unum
983 3907 993 3946 ,
1011 3852 1135 3926 anima
1152 3875 1252 3941 una,
1271 3875 1340 3924 nec
1354 3853 1452 3950 quis·
1473 3895 1563 3948 Actor.
1577 3890 1602 3958 4,

79 3977 205 4048 quam
239 3975 387 4039 eorum,
408 3975 492 4044 quae
528 3948 761 4043 possidebat,
783 3949 924 4046 aliquid
951 3974 1064 4022 suum
1089 3972 1167 4032 esse
1197 3943 1359 4043 dicebat,
1389 3947 1454 4023 sed

14 4089 40 4146 π
78 4058 195 4120 arant
225 4043 304 4118 illis
331 4047 457 4117 omnia
479 4044 702 4118 communia.
1018 4137 1051 4209 Τ

14 4196 38 4250 a·
