4452 5462
491 455 496 466 ’
586 607 590 622 ι
670 475 777 568 bae
803 477 1071 570 TITULUS
1110 477 1347 572 CLXXVI.
1400 482 1600 571 Verbum
1636 475 1726 564 Dei
1756 479 1984 572 auditum.

708 604 2086 646 —-—---—-—-------—-·--—--.

699 699 810 776 debat
829 704 957 777 owlos
980 701 1030 774 ad
1057 701 1196 775 coelum
1225 701 1373 794 levare,
1402 698 1468 776 sed
1501 697 1734 809 percutiebat
1764 715 1900 800 pectua
1930 734 2083 812 suum,-

696 797 823 872 dicens
851 825 859 872 :
881 801 1009 896 Deus,
1031 799 1216 898 propitius
1236 812 1315 873 esto
1338 796 1434 874 mihi
1454 807 1651 894 peccatore.

1007 977 1363 1064 TITULUS
1429 973 1752 1065 CLXXVI.

1115 1106 1295 1196 Verbum
1325 1105 1415 1189 Dei
1439 1103 1640 1189 auditum.

697 1239 850 1378 Aaron
869 1303 1019 1380 locutus
1037 1293 1112 1379 luit
1129 1302 1256 1379 omnia
1276 1297 1407 1389 verba,
1427 1321 1511 1395 quea
1532 1295 1682 1370 dixerat
1694 1295 1880 1378 Dominus
1893 1305 1938 1380 ad
1955 1311 2066 1410 noys

698 1425 774 1472 sen.
799 1403 847 1474 Et
877 1402 1034 1476 credidit
1064 1401 1186 1476 omnis
1211 1395 1390 1494 populus,
1415 1392 1713 1488 audieruntque,
1743 1397 1845 1492 quod
1865 1403 2063 1482 visitiaeet
2157 1467 2161 1480 .

695 1494 880 1571 Dominus
905 1497 1003 1572 filios
1022 1498 1157 1590 lsrael,
1185 1507 1222 1568 et
1248 1491 1358 1590 proni
1384 1489 1646 1563 adoraverunt·

506 1643 533 1676 .,
611 1660 619 1677 ,
744 1593 853 1666 Dixit
868 1597 1017 1692 Moyses
1039 1619 1163 1668 coram
1187 1588 1476 1664 Domino:Ecce
1499 1583 1569 1656 filii
1590 1585 1788 1660 Israiilnou
1801 1594 2048 1691 mendicant,

694 1699 731 1759 et
758 1687 946 1783 quomodo
972 1691 1099 1764 audiet
1129 1689 1275 1761 Pharao
1300 1682 1319 1754 'l
1946 1727 1951 1738 ·

743 1783 912 1854 Cunctos
930 1786 1092 1876 populus
1115 1785 1215 1858 dixit
1238 1781 1363 1876 Moysi
1386 1799 1464 1850 una
1498 1801 1592 1852 voce
1606 1799 1614 1845 ι
1630 1777 1760 1849 Omnia
1773 1780 1892 1852 uerba
1912 1783 2037 1858 Domi-

692 1874 756 1963 ni,
780 1899 864 1969 quae¹
885 1873 1033 1948 locutus
1057 1889 1136 1967 est,
1162 1874 1353 1948 faciemus.
1377 1875 1425 1943 Et
1448 1871 1561 1968 pauli>
1581 1885 1664 1968 post
1689 1897 1878 1950 assumens
1898 1881 2044 1976 Moyses

692 1969 879 2056 volumen,
896 1970 1070 2065 foederis,
1092 1972 1181 2066 legit
1216 1967 1391 2043 audiente
1412 1967 1571 2066 populo,
1588 1971 1656 2065 qui
1674 1967 1879 2045 dixerunt:
1899 1973 2048 2072 Omnia,

683 2067 779 2161 'quae
799 2065 948 2142 locutus
973 2080 1048 2158 est,
1071 2068 1261 2141 faciemue

743 2163 884 2260 Eglon,
908 2191 977 2238 rex
1012 2165 1140 2257 Moab,
1170 2161 1320 2254 sedebat
1342 2161 1385 2233 in
1409 2161 1540 2236 aestivo
1567 2162 1848 2258 eoenaculmet
1877 2165 1978 2242 dixit
2007 2167 2053 2241 ad

694 2277 781 2330 eum
809 2259 889 2333 Aod
916 2287 924 2330 :
952 2261 1120 2334 Verbum
1149 2261 1218 2331 Dei
1250 2256 1371 2330 habeo
1400 2256 1446 2328 ad
1469 2269 1516 2330 ta
1548 2258 1625 2349 Qui
1659 2262 1787 2334 statim
1818 2265 1988 2338 surrexit
2009 2264 2052 2338 de

693 2351 853 2451 throno,
880 2361 987 2453 quasi
1013 2356 1260 2432 reverentiam
1284 2353 1469 2426 exhibens
1498 2354 1624 2428 Verbo
1645 2355 1725 2428 Dei.
1746 2355 1753 2366 '

493 2499 517 2532 1.
555 2497 595 2532 e.
629 2516 645 2536 .,
741 2451 842 2526 Bene
863 2451 990 2527 docuit
1008 2451 1216 2526 Samuelem
1238 2449 1397 2543 Heli‚·ut
1420 2448 1558 2525 diceret
1581 2451 1745 2526 Domino
1769 2451 1942 2550 loquenti
1960 2457 2051 2531 sibi:

692 2543 862 2644 Loquere
879 2551 1060 2644 Domine,
1083 2548 1172 2646 quia
1193 2545 1298 2620 audit
1324 2571 1456 2620 servus
1483 2557 1584 2620 tuus.

741 2644 870 2717 Achab
887 2669 959 2719 rex
982 2645 1094 2719 lsrael
1111 2643 1261 2719 nolebat
1279 2640 1408 2716 audire
1426 2641 1619 2718 Michaeam
1661 2643 1857 2741 mphetam
1879 2647 2052 2740 Domini,

693 2741 782 2905 qqia
807 2767 885 2814 non
914 2740 1160 2851 prophetabat
1184 2741 1353 2836 bonum,
1381 2735 1444 2824 sed
1466 2739 1617 2814 malum.
1672 2753 1799 2814 ocatuo
1823 2755 1947 2815 tamen
1976 2747 2052 2816 Mi-

693 2858 713 2904 c
741 2859 814 2908 aeas
844 2837 943 2909 dixu
965 2839 1000 2910 ei
1020 2863 1027 2907 :
1058 2838 1159 2911 Audi
1181 2860 1390 2911 sermonem
1407 2835 1569 2914 Domini.
1759 2925 1763 2930 Ι

619 2987 627 3002 .
740 2929 877 3002 Esdras
900 2933 1029 3000 attulit
1053 2933 1194 3006 librum
1224 2931 1341 3023 legis,
1372 2943 1409 3002 et
1434 2928 1521 3026 legit
1540 2932 1580 3001 in
1606 2957 1648 3002 eo
1673 2941 1818 3024 aperte,
1850 2928 1897 3000 de
1922 2953 2038 3002 mane

691 3041 813 3113 usque
833 3017 880 3090 ad
899 3017 1060 3094 mediam
1086 3023 1207 3112 diem,
1239 3035 1285 3095 et.
1304 3049 1412 3110 aures
1430 3026 1549 3100 omnis
1567 3023 1694 3122 populi
1709 3035 1817 3096 eraut
1837 3035 1972 3096 erectae
1991 3025 2043 3096 ad

689 3113 841 3283 }lbl¹¹m·
873 3119 922 3190 Et
945 3119 1141 3216 sequitur:
1162 3119 1291 3194 Flebat
1312 3125 1434 3198 omnis
1457 3120 1639 3220 populus,
1664 3145 1750 3194 cum
1763 3117 1911 3193 audiret
1927 3119 2048 3194 veiha

702 3237 790 3285 ers.

488 3319 547 3370 ³01³·
562 3317 606 3385 4²·
725 3237 976 3408 gRespondeas
1000 3312 1071 3388 Job
1086 3315 1250 3388 Domino
1271 3315 1373 3391 dixit
1396 3343 1403 3388 :
1431 3315 1576 3391 Auditu
1591 3316 1692 3390 auris
1709 3312 1840 3389 audivi
1861 3323 1919 3407 te,
1940 3337 2045 3386 nune

688 3419 812 3479 autem
840 3409 972 3483 oculus
1002 3435 1109 3484 meus
1141 3410 1247 3486 videt
1279 3423 1326 3484 te.
1364 3413 1506 3486 Idcirco
1535 3440 1596 3488 me
1623 3409 1873 3508 reprehendo,
1902 3421 1940 3482 et
1975 3433 2042 3505 ago

685 3504 947 3600 poenitentiam
969 3507 1011 3580 in
1031 3504 1161 3582 iavilla
1188 3521 1225 3582 et
1256 3509 1389 3582 cinere.
1676 3537 1691 3558 ³
1726 3557 1730 3564 ·
1839 3543 1844 3552 ·

484 3619 582 3672 terem.
594 3619 635 3672 aa
733 3599 888 3673 Factum
904 3614 960 3676 eat
974 3603 1133 3677 verbum
1143 3604 1295 3678 Domini
1321 3605 1368 3677 ad
1386 3605 1582 3684 Jeremiam
1602 3632 1609 3675 :
1630 3601 1714 3679 Noli
1723 3602 1943 3676 subtrahere
1954 3627 2042 3676 ver-

683 3696 775 3768 bum
806 3697 898 3791 Dei,
922 3701 954 3771 ai
974 3697 1070 3773 forte
1086 3698 1257 3791 audiunt,
1274 3712 1311 3772 et
1335 3714 1528 3779 avertatur
1546 3701 1807 3798 unusquisque
1836 3721 1858 3770 a
1882 3699 1946 3774 via
1971 3722 2041 3770 sua

681 3791 806 3883 mala,
833 3805 870 3865 et
884 3795 1063 3890 poeniteat
1083 3821 1142 3868 me
1168 3797 1284 3891 meli,
1307 3797 1408 3894 quod
1434 3800 1554 3894 cogito
1574 3796 1695 3872 facere
1714 3799 1769 3868 eie
1792 3808 1941 3892 propter
1955 3817 2040 3866 ma-

610 3943 612 3948 .
680 3884 799 3958 litiam
825 3890 1035 3964 studiorum
1058 3915 1197 3965 eorum.

484 3995 578 4049 Erech.
590 3995 617 4047 3.
729 3981 838 4056 Dixit
855 3987 1039 4061 Dominus
1061 3987 1249 4062 Ezechieli
1267 4014 1274 4059 :
1291 3989 1395 4063 Vade
1410 3990 1456 4062 ad
1480 3990 1633 4064 domum
1652 3987 1787 4082 Isi-abl,
1812 4000 1848 4062 et
1868 3985 2037 4082 loqueris

680 4073 804 4150 Verba
828 4105 911 4153 mea
934 4081 980 4152 ad
1006 4109 1077 4158 eos.
1113 4085 1289 4184 Sequitur
1316 4113 1323 4156 :
1349 4089 1489 4162 Donnm
1518 4085 1632 4161 Israel
1660 4085 1785 4158 noluit
1816 4083 2038 4176 arudineto,

679 4176 768 4269 quia
793 4175 928 4250 nolunt
957 4179 1086 4253 audire
1111 4205 1181 4252 me.
1807 4211 1810 4218 ’

480 4285 562 4338 tone.
582 4283 606 4336 3.
727 4272 892 4344 Verbum
913 4273 1018 4346 Jonae
1040 4279 1211 4373 pervenit
1234 4277 1279 4350 ud
1302 4303 1424 4375 regem
1441 4277 1601 4371 Ninive,
1625 4288 1662 4351 et
1687 4275 1854 4351 surrexit
1872 4273 1917 4346 de
1941 4271 2034 4346 solio

679 4393 769 4460 suo,
794 4380 831 4440 et
858 4369 993 4465 abjecit
1029 4374 1298 4452 vestimentum
1318 4401 1431 4452 suum
1449 4402 1473 4449 a
1504 4402 1564 4474 ae,
1592 4387 1629 4450 et
1653 4373 1811 4450 indutus
1833 4383 2034 4460 esteacoo,

674 4463 828 4552 et‘sedit
854 4465 897 4538 in
918 4466 1052 4546 cinere·
1340 4473 1346 4489 “

1916 4561 2038 4637 Ηθῧῡ·Ι
