4310 5472
690 391 694 396 ¹
729 429 802 486 112
965 385 1230 477 TlTULUS
1253 379 1383 468 LXll.
1411 375 1526 463 Gula
1552 391 1600 459 et
1628 370 1826 456 ebrietas.

724 615 770 688 ad
786 613 934 686 Galatas
949 612 1016 683 ait:
1035 608 1138 680 Sicut
1151 601 1334 698 Angelum
1348 597 1414 670 Dei
1431 593 1619 688 recepistis
1636 615 1717 700 me,
1729 599 1767 660 et
1785 589 1816 660 si
1834 585 1932 660 fieri
1954 591 2092 683 potuis-

719 722 795 802 set,
813 709 939 782 oculos
960 717 1104 780 vestros
1123 697 1329 784 eruissetis,
1352 705 1390 766 et
1412 689 1603 762 dedissetis
1627 683 1730 758 m1h1.

407 829 412 832 ’
527 814 642 884 matipp.
661 813 687 881 t·
773 805 946 899 Repletus
965 825 1048 873 sum
1064 799 1221 893 acceptis
1236 793 1282 866 ab
1304 783 1575 886 Epaphrodito,
1591 805 1674 878 que
1692 777 1850 854 misistis
1863 777 1916 851 in
1938 777 2084 854 odorem

727 900 932 976 saevitatis.
1140 901 1146 910 '
1600 891 1604 896 '

529 1017 555 1050 2·
583 1003 652 1054 Tim.
683 1019 705 1053 ¹·
772 997 831 1067 Ee
845 994 917 1066 alio
941 995 1038 1066 loco:
1062 993 1135 1062 Det
1156 985 1339 1058 Dominus
1365 973 1654 1052 misericordiam
1677 968 1916 1066 Onesiphori
1948 971 2076 1062 domur,

725 1091 814 1186 quia
836 1113 931 1183 saepe
954 1111 1013 1158 me
1041 1081 1294 1176 refrigeravit,
1320 1089 1356 1148 et
1379 1087 1547 1146 catenam
1568 1095 1688 1144 meam
1710 1091 1788 1139 nou
1811 1063 1988 1138 erubuit.
2112 1081 2113 1088 ³

771 1187 863 1256 Item
883 1208 951 1276 pro
965 1181 1142 1253 Onesimo
1161 1202 1269 1248 servo
1291 1169 1533 1258 Philemonis,
1549 1167 1616 1262 qui
1631 1163 1919 1238 ministraverat
1943 1161 1984 1232 in
2009 1183 2072 1231 car

719 1305 829 1373 aere,
858 1279 986 1350 scribit
1009 1275 1129 1346 eidem
1152 1269 1364 1344 Philemoni
1387 1263 1602 1338 aflectuosas
1625 1273 1663 1332 et
1678 1255 1842 1330 efficaces
1866 1254 2023 1328 litteras

1127 1441 1456 1533 TITULUS
1518 1437 1670 1526 LXlI.

1202 1635 1309 1717 Gula
1341 1652 1381 1714 et
1416 1631 1604 1713 ebrietas.

525 1859 594 1909 cm.
616 1854 640 1905 3.
725 1775 920 1903 Primum
941 1829 1106 1900 hominis
1128 1837 1340 1922 peccatum,
1361 1822 1457 1896 vitio
1482 1818 1578 1913 gulae
1600 1815 1673 1888 fuit
1696 1811 1938 1925 completum.

525 1957 593 2007 cen.
614 1969 641 2020 9.
774 1923 852 1998 Noe
881 1926 1010 2000 bibens
1036 1926 1172 1998 vinum
1192 1920 1399 1994 inebriatus
1425 1928 1462 1987 et
1490 1912 1655 1990 nudatus
1689 1923 1744 1982 est
1773 1935 1816 1980 rn
1838 1907 2058 1981 tabernaculo

728 2048 808 2096 suc.

523 2127 592 2190 cen.
618 2155 658 2204 ις.
773 2117 871 2190 Loth
894 2116 1099 2188 inebriatus
1126 2116 1312 2186 incestum
1334 2133 1418 2180 cmn
1447 2103 1606 2202 propriis
1626 2100 1773 2173 filiabus
1799 2102 1990 2174 commisit
2005 2111 2054 2169 tlt·

523 2231 594 2282 cen.
616 2233 657 2284 25.
773 2213 874 2286 Esau
896 2232 964 2308 pro
986 2212 1097 2282 lentis
1122 2207 1246 2279 edulio
1268 2203 1439 2278 vendidit
1464 2199 1804 2296 primogenituram.

521 2327 607 2378 exoa.
632 2329 673 2380 aa.
773 2309 873 2383 Sedit
907 2307 1068 2406 populus
1095 2303 1322 2378 manducare
1353 2311 1389 2372 et
1422 2297 1575 2384 bibere,
1606 2306 1643 2365 et
1673 2302 1886 2388 coeperunt
1903 2291 2025 2365 ludere

521 2415 608 2472 Lavit.
634 2437 675 2472 ιο.
772 2389 891 2480 Dtxtt‘
903 2405 1087 2476 Dominus
1106 2401 1153 2470 ad
1173 2402 1317 2469 Aaron:
1339 2395 1473 2464 vinum
1494 2401 1531 2458 et
1550 2413 1662 2460 omrre
1683 2385 1784 2484 quod
1802 2385 1991 2459 inebriare
2011 2409 2051 2477 po

723 2511 812 2586 test,
829 2525 906 2570 non
925 2499 1028 2566 bibes
1051 2508 1095 2562 tu
1117 2504 1154 2560 et
1171 2491 1237 2559 filii
1258 2490 1331 2576 tui,
1353 2483 1504 2578 quando
1524 2483 1711 2556 intrabitis
1730 2483 1770 2554 iu
1794 2479 2053 2554 tabernaculum

698 2633 702 2640 ·
724 2591 930 2662 testimonii
953 2641 963 2674 ,
985 2611 1032 2654 ne
1074 2577 1312 2653 moriamini·

522 2717 602 2770 num.
624 2717 651 2766 6,
774 2681 1000 2773 Quicunque
1023 2675 1161 2747 fecerat
1183 2687 1316 2748 votum
1338 2675 1379 2744 in
1401 2673 1498 2766 lege,
1516 2686 1553 2745 et
1572 2699 1609 2745 se
1630 2674 1779 2749 volebat
1802 2673 1967 2748 Donnno
1983 2694 2050 2742 cou-

725 2799 882 2938 slecffie’
900 2797 922 2842 a
939 2775 1031 2845 vino
1050 2783 1087 2841 et
1105 2772 1151 2841 ab
1179 2772 1283 2842 omni
1310 2794 1372 2859 ec,
1390 2768 1491 2864 quod
1508 2770 1693 2844 inebriare
1710 2781 1877 2866 poterat,
1894 2771 2049 2842 abstinere

725 2896 770 2940 (e
798 2893 817 2936 e
844 2879 891 2937 at.

520 2987 601 3038 uum.
633 3001 674 3038 ιι.
773 2959 961 3054 Flagravit
983 2957 1144 3052 populus
1171 2957 1352 3030 desiderio
1372 2959 1563 3050 carnium,
1582 2959 1713 3036 sedens
1736 2974 1774 3033 et
1800 2961 1904 3052 flens,
1928 2968 1962 3027 et
1983 2952 2041 3022 ait:

472 3069 476 3076 '
726 3053 819 3144 Quis
844 3055 947 3126 dabit
972 3055 1079 3126 nobis
1102 3054 1148 3124 ad
1173 3053 1400 3128 vescendum
1423 3078 1551 3126 carnes
1577 3067 1644 3125 etc.

517 3165 606 3252 asoa.
633 3169 672 3220 ro.
771 3150 897 3222 Prima
922 3151 1077 3222 tentatio
1099 3149 1263 3222 filiorum
1292 3150 1404 3220 Israel
1421 3149 1494 3221 fuit
1518 3148 1563 3220 de
1583 3162 1695 3244 potu:
1717 3151 1885 3224 secunda
1901 3150 1946 3223 de
1964 3145 2052 3220 cibo:

722 3258 850 3341 postea
872 3247 983 3318 simili
1001 3247 1192 3317 occasione
1213 3243 1403 3316 multoties
1425 3259 1686 3339 peccaverunt.

518 3353 605 3406 audie.
631 3375 655 3426 7·
691 3359 695 3366 '
769 3343 814 3413 ln
837 3342 1011 3414 trecentis
1029 3340 1137 3430 viris,
1156 3340 1222 3434 qui
1246 3337 1292 3409 ad
1310 3339 1699 3434 aquaslambuerunt,
1717 3341 1950 3416 atmoderate
1970 3335 2056 3407 bibe

721 3450 827 3531 runt,
849 3437 1025 3510 liberavit
1054 3435 1238 3506 Dominus
1262 3435 1374 3506 lsrael
1392 3435 1437 3507 de
1461 3461 1577 3506 manu
1599 3435 1758 3508 Madian.

516 3548 608 3605 indic.
628 3567 654 3618 9.
723 3613 730 3624 ,
768 3537 812 3604 In
835 3532 953 3628 epulis
976 3531 1074 3602 fiunt
1097 3529 1268 3602 homines
1287 3530 1518 3620 audaciores,
1543 3543 1579 3600 et
1608 3531 1851 3625 loquaciores.

528 3719 533 3730 ι
768 3628 871 3700 Inter
894 3627 1019 3720 epulas
1041 3638 1077 3697 et
1100 3625 1255 3720 pocula,
1273 3625 1541 3698 maledicebant
1560 3624 1786 3697 Abimelech.

511 3735 605 3794 ‘ludia
628 3747 665 3797 ιο.
768 3721 1017 3812 Epulantibus
1036 3721 1235 3792 Philistaeis
1258 3731 1294 3790 et
1312 3720 1545 3808 laetantibus,
1568 3715 1701 3793 domus
1723 3719 1858 3794 cecidit
1883 3749 1998 3820 super
2007 3737 2055 3790 eos·
2113 3728 2114 3756 ¹

520 3860 543 3892 ι,
571 3847 635 3913 neg.
654 3863 679 3897 α,
771 3813 954 3885 Nolebaut
976 3813 1044 3886 filii
1068 3815 1148 3886 Heli
1173 3839 1302 3887 carnes
1326 3827 1447 3888 coctas
1471 3815 1517 3883 ab
1543 3813 1783 3888 oll'erentibus
1807 3819 1999 3914 accipere:
2015 3805 2059 3884 sel
2114 3797 2115 3838 l

723 3907 873 3996 crudas,
896 3922 939 3979 ut
961 3933 1022 3979 eas
1043 3911 1113 3979 sibi
1135 3907 1275 3980 lautius
1299 3921 1559 4004 praepararent.

519 4040 542 4074 ι.
566 4023 629 4088 aeg.
661 4023 700 4087 14.
760 4000 1142 4108 ‘Consedit'lonathas
1169 4004 1355 4076 modicum
1387 4003 1527 4092 mellis,
1555 3995 1684 4077 contra
1713 4004 1991 4082 inhibitionem
2014 4025 2060 4098 pt·

719 4106 805 4182 tris,
831 4108 866 4167 et
887 4097 970 4168 ideo
997 4097 1140 4167 occisus
1165 4097 1186 4164 i
1215 4113 1317 4190 patre
1348 4097 1499 4187 suisset,
1521 4099 1596 4169 uisi
1616 4101 1776 4195 populus
1801 4107 2026 4178 occurrisset·

514 4209 625 4278 maog.
653 4207 691 4258 ι3.
767 4191 914 4262 Amnon
928 4191 1027 4264 lilius
1040 4189 1159 4262 David
1172 4191 1211 4262 in
1225 4195 1401 4268 convivio
1414 4191 1574 4264 Absalon
1587 4195 1816 4268 temulentus
1831 4195 1909 4270 fuit
1924 4196 2060 4272 occisus·

514 4307 540 4356 3.
561 4309 624 4374 aeg.
647 4323 688 4358 ao.
765 4284 937 4364 Benadad
949 4311 1019 4360 rex
1030 4286 1150 4396 Syriae
1161 4289 1436 4362 temulentusin
1451 4289 1687 4362 tabernaculo
1699 4315 1766 4363 suo
1774 4287 1946 4366 habebat
1962 4283 2067 4366 masi·

1982 4400 2066 4459 mam
