4498 5462
686 333 688 336 ⁵
766 345 850 427 '150
928 331 1201 458 TITULUS
1223 327 1422 418 LXXXI.
1447 321 1619 410 Judicia
1639 318 1729 408 Dei
1763 313 1953 403 occulta.

484 905 486 912 ,
576 867 664 922 lodic.
682 864 709 916 8.

770 566 921 636 Domini
941 557 1123 632 sententia
1149 557 1293 643 suerat,
1308 564 1352 624 ut
1369 548 1637 624 indurarentur
1664 543 1774 618 corda
1794 566 1954 630 eorum,
1981 551 2024 612 et
2041 565 2130 636 pug-

771 670 905 732 narent
928 668 1056 730 contra
1081 652 1194 723 Israel
1217 663 1254 721 et
1279 646 1470 734 caderent,
1489 656 1525 714 et
1550 664 1628 714 non
1652 649 1885 712 mererentur
1910 635 2043 708 ullam
2065 638 2126 710 cle·

772 755 973 840 mentiam,
994 761 1030 820 et
1056 749 1230 840 perirent.
1284 819 1287 831 ,

794 847 799 852 ’
820 849 1021 940 Postquam
1040 840 1190 911 Gedeon
1206 852 1283 911 tam
1303 831 1509 910 mirabilem
1528 830 1722 908 victoriam
1741 827 1787 899 de
1802 825 1974 900 inimicis
1990 827 2121 898 habue-

773 954 847 1032 rat,
858 954 895 1012 et
912 937 1096 1010 dominari
1107 934 1245 1044 populo
1261 939 1511 1044 recusaverat,
1530 925 1618 997 secit
1632 922 1896 1020 Ephod,quod
1909 921 2057 1012 factum
2075 933 2119 994 est

774 1039 809 1106 ei
831 1048 868 1106 et
896 1035 1025 1104 domui
1050 1033 1131 1124 ejus
1153 1055 1193 1099 in
1222 1053 1381 1101 rumam.

577 1147 726 1200 susteso.
822 1131 944 1200 Iratus
959 1126 1141 1196 Dominus
1159 1122 1247 1194 filiis
1269 1122 1382 1192 Israel
1401 1131 1550 1214 propter
1572 1125 1720 1213 peccata
1738 1139 1886 1206 eorum,
1907 1111 2016 1186 dixit
2040 1113 2081 1184 eis
2104 1137 2115 1196 ε,

775 1223 859 1296 Non
883 1221 1030 1309 addam,
1054 1230 1098 1290 ut
1124 1217 1224 1288 ultra
1253 1243 1323 1291 vos
1344 1216 1498 1286 liberem
1521 1238 1529 1282 :
1550 1215 1602 1284 ite
1629 1223 1667 1282 et
1688 1209 1861 1282 invocate
1886 1209 2012 1301 Deos,
2038 1233 2116 1303 quos

777 1319 936 1412 elegistis
962 1342 970 1384 ε
993 1314 1247 1408 dixeruntque
1263 1311 1307 1384 ad
1333 1311 1564 1382 Dominum:
1590 1307 1842 1377 Peccavimus.
1867 1306 1915 1378 Et
1940 1305 2116 1401 sequitur:

777 1413 886 1502 Quod
910 1407 1029 1482 doluit
1048 1433 1158 1502 super
1187 1407 1346 1479 miseriis
1377 1429 1517 1476 eorum.

584 1519 672 1574 tudic.
685 1521 727 1571 ιδ·
828 1509 1001 1594 Samson,
1025 1500 1154 1596 angelo
1172 1504 1393 1590 nuntiante,
1412 1498 1458 1569 de
1481 1495 1597 1569 sterili
1617 1507 1734 1567 matre
1758 1507 1963 1602 conceptus,

587 1796 674 1847 Judlc.
700 1814 744 1845 20.

780 1593 855 1683 luit
881 1599 1019 1695 pluries
1033 1621 1099 1690 per
1119 1595 1314 1668 mulierem
1333 1595 1526 1690 deceptus,
1546 1604 1582 1664 et
1604 1590 1651 1662 ad
1673 1588 1841 1663 ultimum
1855 1589 1961 1660 runa
1978 1503 2116 1660 ddsddi

782 1719 1051 1856 oplliliisldi·ael
1070 1799 1199 1856 contra
1217 1783 1312 1854 tilios
1333 1783 1530 1946 Benljamiu
1550 1777 1595 1851 de
1614 1777 1769 1852 consilio
1790 1790 1824 1850 et
1836 1776 2028 1850 voluntate
2047 1779 2110 1848 Do

784 1881 878 1952 mini
897 1879 1120 1970 praeliantcs,
1136 1879 1193 1946 bis
1213 1875 1384 1950 debellati
1420 1887 1581 1968 uerunt,
1611 1873 1675 1948 sed
1701 1873 1783 1946 illos
1803 1885 1928 1970 postea
1952 1899 2041 1969 pene
2058 1899 2109 1968 pe·

785 1975 889 2046 nitus
918 1970 1146 2044 deleverunt.

592 2093 617 2127 ¹·
638 2079 701 2154 Res:
723 2074 750 2124 ⁶·
834 2067 1007 2138 Permisit
1021 2065 1121 2136 Deus
1137 2091 1258 2142 arcam
1277 2063 1357 2160 capi
1372 2067 1418 2136 ab
1436 2065 1725 2154 incircumcisis,
1739 2064 1807 2136 ubi
1822 2063 1945 2136 multa
1959 2061 2104 2138 miracula

787 2159 886 2235 fecit.
909 2164 957 2232 Et
984 2186 1069 2232 cum
1093 2161 1353 2254 reduceretur,
1385 2159 1624 2232 Bethsamitae
1646 2185 1733 2232 cum
1760 2159 1898 2253 gaudio
1919 2169 2105 2255 receperunt

789 2283 880 2329 eam.
908 2257 1005 2344 Quia
1031 2281 1123 2328 vcro
1148 2255 1325 2329 viderunt
1354 2281 1457 2348 eam,
1478 2256 1660 2350 percussit
1690 2255 1875 2328 Dominus
1909 2255 2101 2352 septuaginta

788 2351 891 2426 viros
914 2351 959 2424 de
982 2351 1232 2447 principibus,
1260 2364 1297 2423 et
1320 2352 1449 2444 50,000
1472 2350 1599 2447 plebis.

838 2449 945 2520 Saule
965 2448 1096 2518 melior
1118 2473 1195 2518 non
1211 2459 1289 2517 erat
1307 2449 1347 2517 in
1365 2447 1518 2540 populo,
1529 2446 1680 2542 quando
1693 2445 1768 2518 fuit
1779 2445 1976 2520 aDomino
1990 2444 2101 2539 signan-

790 2555 848 2613 ter
866 2543 1022 2628 electus,
1034 2552 1071 2609 et
1086 2551 1212 2610 tamen
1231 2541 1304 2610 cito
1322 2546 1404 2634 pos't
1425 2542 1608 2634 peccavit,
1627 2554 1663 2612 et
1678 2540 1792 2614 suit'a
1817 2542 1897 2612 Deo
1916 2551 2083 2638 projectus.

841 2635 962 2704 David
980 2644 1059 2702 erat
1074 2632 1253 2704 minimus
1271 2635 1370 2706 inter
1385 2633 1535 2728 fratres,
1555 2649 1592 2708 et
1615 2638 1722 2732 quasi
1737 2635 1878 2710 nullius
1893 2629 2100 2731 reputationis

793 2729 892 2800 inter
917 2753 989 2799 eos.
1019 2725 1129 2798 Unde
1152 2727 1302 2821 quando
1331 2731 1454 2803 vocati
1477 2730 1633 2804 suerunt
1657 2731 1725 2804 filii
1748 2733 1841 2823 lsai,
1859 2734 1925 2803 iste
1944 2729 2099 2824 neglectus

663 2908 666 2916 ,
793 2821 855 2896 vel
874 2833 1107 2914 contemptus
1128 2820 1228 2892 suit:
1254 2836 1379 2895 tamen
1406 2851 1473 2919 per
1489 2826 1596 2898 illum
1613 2827 1798 2898 Dominus
1820 2839 1926 2898 totum
1941 2821 2095 2916 populum

795 2917 1037 3010 gubernavit,
1057 2926 1092 2983 et
1111 2927 1226 2983 totam
1245 2915 1346 2985 illius
1369 2920 1580 3009 progeniem
1595 2921 1834 2995 sublunavit.

844 3009 938 3080 Satis
956 3022 1012 3081 est
1033 3005 1219 3096 mirabile,
1240 3007 1389 3101 quando
1413 3009 1559 3083 Samuel
1576 3013 1756 3108 propheta
1775 3041 1797 3086 a
1815 3014 1958 3088 muliere
1974 3005 2098 3105 l'plttt·

728 3187 749 3196 „
765 3179 779 3186 ..
795 3103 898 3180 nissa
918 3103 1054 3190 legitur
1070 3100 1279 3173 suscitatus.
1298 3104 1547 3200 Augustinus,
1567 3107 1663 3180 libro
1686 3109 1731 3182 de
1751 3111 1845 3183 doct,
1865 3101 2103 3186 Christdicit,

796 3191 897 3285 quod
919 3191 1006 3360 tuitt
1016 3193 1136 3288 imago
1157 3195 1357 3362 Sanrgelis,
1380 3226 1456 3271 non
1481 3201 1559 3297 ipse
1583 3202 1763 3299 propheta
1788 3207 1850 3282 vel
1879 3206 1996 3278 anima
2020 3201 2103 3293 eju⁵²

796 3311 817 3354 a
1569 3299 1576 3312 .

817 3300 1228 3478 plistolldiidudiirduaalire
1249 3294 1689 3482 eiipliidisldmldddlddgdst
1711 3349 1813 3468 Deus
1845 3397 1894 3467 ad
1913 3393 2044 3466 Nathan
2067 3383 2107 3455 de

795 3477 960 3549 bonitate
978 3478 1117 3586 David,
1137 3491 1173 3551 et
1196 3479 1264 3552 filii
1290 3485 1393 3577 ejus,
1417 3486 1483 3578 qui
1512 3487 1762 3562 aedificaturus
1790 3505 1870 3563 erat
1896 3489 2064 3587 templum
2082 3491 2109 3551 ei

795 3583 921 3644 tamen
938 3574 1047 3644 ambo
1067 3599 1106 3644 m
1129 3589 1320 3668 peccatum
1348 3592 1425 3650 tam
1447 3583 1606 3674 turpiter
1632 3599 1864 3658 corruerunt.

844 3669 1048 3776 Morituros
1060 3669 1181 3743 David
1200 3671 1470 3748 ordinationem
1491 3677 1579 3748 fecit
1601 3679 1689 3750 satis
1711 3680 1944 3775 mirabilem,
1969 3679 2027 3754 sed
2049 3673 2111 3770 quia

796 3762 984 3867 Scriptura
1001 3775 1054 3869 sta
1069 3764 1301 3837 commendat
1313 3793 1418 3859 eum,
1432 3771 1717 3870 supponendum
1732 3788 1804 3867 est,
1816 3775 1905 3848 licet
1926 3768 2113 3850 crudelisiu

796 3864 899 3946 parte
917 3853 1045 3944 luerit,
1064 3869 1275 3930 nontamen
1294 3861 1436 3955 injusta
1452 3866 1595 3936 ratione
1610 3865 1759 3961 fecisse,
1776 3883 1842 3942 aut
1859 3868 2113 3944 sactumfuisse·

757 3995 763 4010 .
845 3945 1029 4018 Salomoni
1046 3947 1146 4020 dedit
1158 3952 1340 4026 Dominus
1357 3968 1498 4028 tantam
1520 3961 1799 4056 prosperitatem
1819 3978 1857 4037 et
1875 3991 2027 4060 pacem,
2042 3952 2114 4056 quod

795 4063 872 4110 non
894 4053 972 4110 erat
991 4040 1133 4112 Sathan'
1145 4046 1186 4115 in
1209 4071 1428 4122 occursum:
1450 4053 1665 4146 sapientiam
1679 4082 1827 4154 quoque
1843 4063 2109 4230 ἨΙοτίαωΡΓό

756 4191 760 4200 .
795 4133 938 4203 cunctis
953 4135 1123 4228 regibus,
1138 4148 1173 4207 et
1190 4141 1335 4214 tandem
1386 4148 1528 4218 ermisit
1544 4173 1629 4220 eum
1650 4151 1862 4228 Dominus'
1913 4143 2110 4245 amared&

792 4228 957 4324 pravari,
975 4239 1011 4300 et
1027 4231 1062 4303 ei
1076 4231 1299 4330 multiplices
1320 4263 1342 4312 a
1368 4241 1550 4318 versarios
1573 4245 1754 4320 suscitari.
