4452 5462
421 441 685 530 TITULUS
725 441 897 582 CLXX.
943 442 1098 527 Timor
1149 441 1250 526 Dei'.
1430 425 1518 556 3013·

163 582 315 604 m

202 667 422 743 Confitendo
444 673 485 743 in
511 671 678 744 oratione
698 670 877 762 Domino,
900 669 1045 743 dicebat
1071 669 1160 741 S'ara
1197 664 1275 739 filia
1311 665 1481 762 Raguelis
1502 688 1509 734 :
1531 703 1600 756 rob.
1619 703 1653 755 a..

152 765 288 838 Virum
315 791 400 840 cum
432 769 567 841 timore
591 778 660 840 tuo
670 821 691 859 ,.
709 794 791 842 non
817 792 905 841 cum
936 765 1092 840 libidine
1118 787 1210 838 mea
1227 762 1397 836 consensi
1415 763 1516 834 acci-

178 885 250 933 ere.

151 886 177 956 p
199 959 290 1032 Erat
318 958 453 1032 Judith
478 959 519 1029 in
543 958 717 1032 omnibus
739 959 857 1034 vidua
878 959 1144 1048 famosissima,
1160 954 1339 1052 quoniam
1355 953 1511 1027 timebat
1531 990 1642 1047 sudem,
1662 993 1688 1044 3,=

150 1051 271 1125 Deum
282 1053 410 1144 valde,
426 1065 602 1144 necerat,
619 1055 914 1152 qui'loqueretur
924 1054 969 1126 de
985 1079 1028 1126 ea
1042 1053 1202 1127 verbum
1220 1076 1340 1124 unum
1356 1049 1508 1122 malum.

198 1150 304 1220 Pnter
339 1148 427 1238 alia,
443 1150 489 1222 de
518 1149 657 1244 quibus
693 1149 976 1222 commendatur
1004 1149 1093 1238 Job,
1124 1149 1314 1240 signanter
1343 1145 1511 1240 tangitur
1530 1183 1590 1234 ros.
1606 1182 1647 1234 3„

150 1243 265 1314 timor
288 1243 479 1340 Dei·„Cap.
510 1271 538 1316 1.
559 1257 596 1316 et
622 1269 655 1315 2.
687 1245 799 1318 Unde
820 1247 898 1342 ipse
922 1244 1041 1318 dixit:
1060 1244 1210 1338 Semper
1232 1243 1333 1315 anim
1361 1253 1514 1313 tumen·-

151 1347 208 1409 tes
234 1341 342 1431 quasi
365 1365 477 1435 super
501 1365 561 1411 me
591 1339 730 1414 fluctus
759 1342 873 1416 timui
899 1343 1033 1414 Deum.

151 1526 166 1597 l
199 1432 254 1598 lde
264 1434 428 1599 kmuliere
450 1434 545 1508 forti
562 1434 702 1511 dicitur:
723 1437 953 1535 specialiter:
972 1435 1108 1509 Mulier
1130 1437 1266 1508 timens
1289 1434 1410 1506 D'eum
1432 1436 1514 1531 ipsa
1532 1475 1610 1526 pm„
1624 1474 1677 1525 31„

168 1551 213 1600 au
242 1551 263 1598 a
288 1541 376 1601 itur.

199 1621 292 1692 Cum
312 1623 427 1717 plagis
446 1626 693 1719 perimeretur
714 1629 936 1720 Eleazarus,
956 1630 1034 1702 ait':
1053 1628 1235 1717 Domine,
1254 1635 1299 1697 tu
1320 1627 1409 1717 scis,
1425 1629 1515 1725 quia
1534 1690 1559 1728 ,Ι
1575 1671 1661 1726 nach.
1676 1671 1703 1722 ⁶,

151 1740 236 1790 eum
260 1730 415 1790 amorte
437 1743 583 1815 possem
605 1720 773 1812 liberari,
790 1723 903 1796 duros
920 1724 1084 1818 corporis
1097 1721 1264 1795 sustineo
1281 1719 1441 1796 dolores:
1456 1750 1516 1794 se-
1616 1755 1620 1764 ·

150 1810 317 1885 cundiam
330 1815 493 1884 animam
505 1817 616 1904 verb',
631 1830 782 1914 propter
792 1820 964 1891 timorem
978 1829 1086 1890 tuum
1096 1869 1106 1909 ,
1116 1817 1278 1887 libenter
1288 1814 1369 1884 haee
1380 1818 1515 1910 patior.

199 1905 393 1978 Commota
414 1918 631 2001 tempestate
653 1935 806 2004 magna,
832 1925 977 2000 nautae,
999 1935 1087 1982 cum
1110 1909 1250 2005 quibus
1277 1921 1355 1981 erat
1382 1910 1515 2002 Jonas,
1532 1961 1605 2013 ω
1630 1977 1647 2012 ,.

150 2003 341 2076 miserunt
361 2004 486 2098 ipsum
502 2002 544 2073 in
570 2027 691 2092 mare,
706 2016 743 2076 et
770 2006 871 2077 stetit
890 2027 992 2076 mare
1015 2027 1036 2073 a
1062 2001 1190 2075 furore
1218 2029 1304 2093 suo,
1322 2017 1359 2074 et
1381 2005 1515 2088 timue-
1607 1993 1615 2012 ⁶
1644 1991 1652 2013 ’

147 2111 240 2174 runt
260 2099 337 2174 viri
360 2099 495 2171 timore
517 2123 653 2194 magno
678 2099 883 2174 Dominum
905 2111 943 2172 et
974 2097 1266 2173 immolaverunt
1290 2097 1452 2191 hostias,
1478 2113 1516 2173 et

150 2207 345 2272 voverunt
378 2205 469 2269 vota
498 2196 671 2268 Domino.

200 2293 238 2364 si
268 2289 459 2364 timendus
482 2302 538 2363 est
563 2289 698 2389 aliquis
725 2291 927 2384 Dominus,
952 2293 1042 2388 quia
1061 2301 1187 2386 potest¹
1204 2290 1324 2362 multa
1339 2289 1439 2362 bona
1456 2291 1520 2363 ‹lo-

149 2413 263 2480 nare,
294 2385 416 2460 multo
456 2389 572 2482 magis
613 2391 758 2462 summe
794 2388 983 2466 timendus
1019 2397 1075 2458 est
1112 2387 1339 2483 Deus,quia
1372 2412 1519 2458 summa

149 2485 249 2556 bona
275 2482 413 2556 donare
434 2495 567 2595 potest.
600 2484 711 2558 Unde
739 2484 893 2557 Tobias:
911 2481 997 2556 Noli
1021 2483 1152 2554 timere
1171 2481 1245 2574 fili,
1276 2479 1394 2554 multa
1420 2483 1519 2553 bona
1538 2506 1604 2558 roa.
1620 2508 1643 2558 3.

150 2577 393 2672 habebimus,
415 2605 447 2653 s1
474 2581 711 2655 timuerimus
740 2582 873 2654 Deum.
907 2581 956 2652 Et
986 2579 1076 2676 quia
1101 2590 1223 2674 potest
1244 2577 1341 2651 mala
1361 2577 1518 2670 inferre,
1539 2595 1636 2649 matth.
1653 2611 1704 2648 ιο..

150 2686 302 2772 propter
323 2673 396 2748 hoc
421 2673 594 2750 Christus
621 2675 742 2750 dicit:
765 2677 910 2752 Timete
939 2699 1044 2770 eum,
1064 2675 1130 2772 qui
1153 2685 1280 2772 potest·
1301 2673 1464 2747 animam
1482 2687 1520 2746 et

152 2795 286 2864 corpus
313 2770 467 2866 perdere
488 2773 529 2844 in
556 2772 789 2868 gehennam..
1164 2778 1171 2811 ⁸
1245 2777 1248 2784 '

198 2867 237 2938 Si
262 2870 427 2961 graviter
454 2881 510 2940 est
538 2871 696 2964 punitus
721 2895 854 2946 servus
883 2867 968 2961 ille,
991 2868 1059 2966 qui
1086 2865 1271 2940 talentum
1301 2865 1653 2953 sibi'credi-Luc.19.

151 2971 234 3032 tum
261 2988 340 3034 non
362 2963 650 3058 multiplicavit,
667 2963 731 3038 sed
740 2964 908 3074 ,ligatum
931 2965 971 3034 in
1002 2963 1153 3034 sudario
1178 2964 1367 3070 integrum
1392 2987 1520 3058 repor-

153 3055 274 3142 tavit,
293 3056 385 3145 quid
416 3057 482 3123 fiet
506 3057 551 3124 de
575 3059 751 3149 illo,qu1
778 3061 905 3132 omnia
931 3057 1086 3151 dissipat
1107 3055 1304 3129 luxurlose
1331 3054 1518 3153 vivendO,

154 3155 191 3216 et
243 3147 467 3215 uantum-in
489 3146 570 3238 ipso
592 3158 649 3218 est
676 3149 883 3218 Dominum
909 3147 1175 3250 impugnando.

238 3236 319 3309 alde
336 3238 499 3332 graviter
514 3240 744 3331 punirentur
759 3239 833 3330 illi,
855 3240 922 3334 qui
947 3263 1059 3330 opera
1079 3239 1313 3332 iniquitatis,
1329 3254 1367 3312 et
1390 3247 1519 3340 nequi·
1538 3271 1635 3325 mah.
1651 3271 1682 3325 25

23 3402 25 3415 ,
154 3335 219 3445 tim
228 3343 548 3430 perpetraverunt.
564 3331 673 3420 Quod
693 3357 743 3404 ex
758 3330 831 3404 hoc
851 3343 1020 3429 apparet,
1038 3329 1140 3427 quod
1154 3333 1208 3404 ita
1226 3334 1518 3433 confundentur,

156 3457 223 3527 qur
250 3453 362 3525 opera
386 3425 649 3502 misericordiae
667 3451 746 3499 non
766 3425 946 3501 fecerunt.
981 3427 1054 3520 lte,
1077 3423 1239 3518 dicetur,
1256 3427 1453 3501 maledicti.

176 3526 350 3637 'Simeon
381 3537 461 3644 erat
486 3522 601 3597 homo
628 3525 775 3619 justus,
808 3535 846 3598 et
875 3523 1092 3613 timoratus,
1117 3535 1319 3618 expectans
1349 3522 1519 3622 redemp-
1536 3551 1600 3606 Luc.
1615 3571 1642 3606 2.

156 3635 296 3788 nopprrp
308 3620 474 3790 tlibbbbbti
503 3726 733 3790 curaverunt
760 3715 991 3814 Stephanum
1018 3737 1040 3788 a
1063 3713 1085 3785 J
1088 3711 1203 3786 udaie
1228 3697 1457 3810 lapidatum,
1483 3728 1519 3789 et
1538 3751 1628 3803 Am„
1643 3753 1667 3803 8,
1709 3703 1712 3723 ’

155 3809 327 3884 fecerunt
357 3811 551 3906 planctum
579 3835 768 3908 magnum.

203 3907 292 3978 Post
314 3909 597 4019 conversionem
620 3906 729 4018 Pauli
745 3911 925 4018 scriptum
948 3921 1003 3983 est
1023 3931 1039 4018 ε.
1052 3904 1227 4016 Ecclesia·
1246 3903 1518 4025 aedificabatur,
1539 3951 1630 4005 m,
1644 3970 1670 4021 9,

154 4001 364 4166 appppffips
378 4029 427 4075 m·
445 4015 581 4076 tunore
606 4004 845 4099 Dom1n1,.et
865 4002 1293 4098 consolationespmtus
1322 4017 1443 4078 sancti
1464 4033 1518 4081 re-
1595 4061 1599 4068 -

157 4123 182 4192 P*
209 4149 409 4264 Occasione
443 4191 605 4266 Cornelii
639 4195 761 4268 Deum
795 4197 982 4288 timentis,
1010 4195 1109 4269 dixit
1127 4195 1275 4266 ¹Petrus
1296 4219 1304 4263 :
1329 4195 1373 4268 Iri
1416 4202 1520 4273 omui
1540 4222 1631 4278 Actor.
1648 4243 1690 4278 ιο.

160 4297 290 4384 gente,
313 4288 507 4384 quitimet
532 4289 652 4388 Deum
666 4303 729 4389 „et
751 4304 926 4390 operatur
946 4291 1155 4391 justitiam,
1176 4301 1359 4388 acceptus,
1373 4305 1430 4368 est
1451 4293 1532 4372 illi..
