4464 5464
20 977 24 987 ,
145 907 313 998 amicos,
332 921 371 980 et
391 921 609 1004 congregat,
632 933 727 996 quos
748 906 952 981 adversitas
972 935 1068 1004 saepe
1095 907 1211 1004 fugat.
1223 908 1477 982 UndeTobias
1493 934 1516 980 a
1535 941 1542 952 ·

191 367 195 374 ‚
243 359 246 362 Ι
323 380 592 479 ΤΓΓΠΒΠΒ
631 385 799 482 CXLII.
836 339 1102 511 prosperitas
1126 329 1359 485 mundant.
1427 400 1517 512 3267·
1640 471 1643 476 .

153 654 158 662 ·
194 614 477 714 comederunt,
494 633 530 694 et
548 621 703 694 saturati
724 629 834 712 sunt,
854 631 890 692 et
909 619 1150 715 impinguati,
1172 631 1209 694 et
1225 619 1516 696 abundaverunt
1532 641 1558 680 ²·
1579 625 1642 683 Μ·
1665 645 1695 701 s·
1718 623 1720 627 ’

144 707 299 789 deliciis
318 718 359 789 in
374 717 541 790 bonitate
553 741 700 812 magna:
711 730 1008 812 provocaverunt
1028 728 1152 790 autem
1165 730 1201 790 te
1213 714 1260 789 ad
1270 716 1513 790 iracundiam.

198 809 440 910 Quandoque
459 813 652 887 mundana
670 815 892 908 prosperitas
920 812 1083 886 multirm
1107 813 1329 908 nmltiplicat
1349 812 1515 885 carnales
1531 817 1638 937 ,Tffl
1663 831 1691 870 ²·

153 1005 329 1077 coecitate
346 1017 476 1076 sanato
496 1015 532 1076 et
550 1005 888 1094 ditato,venerunt
906 1005 1119 1076 consobrini
1138 1009 1220 1099 ejus
1236 1003 1283 1075 ad
1304 1029 1414 1095 eum,
1425 1029 1518 1098 gau-

151 1094 289 1170 dentes
316 1109 353 1169 et
382 1098 682 1192 “congratulantes
705 1099 761 1187 ei,
795 1098 896 1193 qnod
914 1124 992 1171 non
1011 1099 1191 1192 leguntur
1221 1097 1372 1191 secisse,
1394 1123 1518 1195 quan-

151 1189 204 1262 do
226 1193 335 1284 prius
358 1203 438 1263 erat
459 1217 606 1284 coecus,
627 1205 663 1264 et
687 1219 787 1266 uxor
805 1194 886 1287 ejus
911 1194 989 1265 ibat
1006 1193 1052 1265 ad
1080 1196 1290 1268 textrinum
1308 1220 1413 1288 opus.

204 1287 298 1356 Post
319 1285 515 1361 victoriam
538 1290 726 1362 obtentam
763 1288 808 1360 de
843 1287 1039 1384 Arphaxat
1069 1315 1154 1383 rege
1175 1289 1392 1382 Medorum,
1413 1290 1519 1362 exal-
1534 1295 1637 1353 suffiti.
1656 1316 1677 1353 ι·

152 1389 280 1549 bitum
299 1393 356 1452 est
377 1405 535 1478 regnum
557 1382 902 1458 Nabuchodonosor
919 1385 1015 1480 regis
1035 1386 1421 1482 Assyriornm,etcor
1436 1387 1518 1484 ejus

191 1485 345 1548 ovatum
365 1489 431 1550 est.
981 1539 986 1550 .
1124 1521 1128 1528 ·
1664 1547 1666 1552 ,

204 1571 389 1656 Quamvis
417 1577 540 1647 Antan
566 1591 662 1651 esset
693 1575 881 1649 secundus
910 1597 1039 1674 aroge
1063 1575 1322 1673 potentissimo
1341 1577 1519 1670 desuem,
1535 1599 1610 1656 uth-
1632 1599 1660 1656 5.

149 1673 189 1735 'et
206 1661 362 1737 haberet
379 1667 516 1741 multas
536 1668 711 1762 divitias,
732 1684 770 1743 et
787 1672 903 1762 filios,
923 1682 960 1743 et
978 1675 1134 1762 anticos,
1149 1674 1203 1746 ita
1223 1685 1350 1744 tamen
1365 1686 1520 1768 torque-

147 1759 268 1830 batur
296 1784 440 1854 exeo,
487 1763 560 1838 uod
590 1765 844 1838 Mardochaeus
872 1767 907 1837 ei
933 1791 1054 1858 genna
1080 1791 1158 1836 non
1189 1766 1383 1858 flectebat,
1410 1769 1519 1861 quasi

148 1851 255 1926 nihil
279 1852 445 1928 haberet.
507 1870 569 1930 ota
597 1860 819 1932 brevitatem
848 1859 950 1934 illius
978 1860 1244 1957 prosperitatis.
1334 1933 1340 1942 ,

203 1946 398 2037 Quamdiu
424 1950 577 2026 duravit
605 1951 711 2046 plaga
733 1953 885 2024 Domini
908 1979 1021 2048 super
1046 1953 1139 2044 Job,
1160 1954 1248 2027 licet
1273 1952 1449 2034 venerint
1470 1945 1518 2028 ad
1535 1979 1596 2032 soh.
1615 1975 1658 2045 42.

148 2067 244 2120 eum
278 2043 396 2138 aliqui
422 2047 555 2138 amici,
588 2047 745 2120 fuerunt
771 2059 896 2119 tamen
921 2048 955 2117 ei
981 2047 1231 2118 consolatores
1256 2049 1422 2137 onerosi,
1448 2073 1520 2122 nec

150 2141 336 2238 leguntur
363 2141 397 2234 ei
422 2140 567 2216 dedisse
596 2140 749 2238 aliquid.
773 2143 977 2236 Postquam
1004 2152 1130 2214 autem
1165 2138 1309 2214 addidit
1334 2143 1521 2216 Dominus

150 2231 305 2330 omnia,
323 2260 560 2334 quaecunque
580 2238 730 2311 fuerant
747 2236 834 2327 Job,
855 2236 1041 2331 duplicia,
1060 2247 1250 2310 venerunt
1274 2236 1423 2310 adeum
1439 2263 1522 2312 om-

148 2359 223 2408 nes
247 2330 383 2406 fratres
407 2337 493 2426 sui,
524 2347 560 2408 et
578 2334 727 2424 cuncti,
754 2333 822 2429 qui
849 2341 1055 2422 noverant,
1080 2343 1117 2402 et
1137 2330 1319 2403 consolati
1342 2344 1435 2404 sunt
1457 2343 1522 2404 :et

151 2428 343 2504 dederunt
361 2431 396 2503 ei
415 2434 679 2529 unusquisque
698 2453 807 2503 ovem
826 2451 959 2516 unam,
982 2438 1019 2498 et
1035 2426 1206 2499 inaurem
1225 2447 1376 2497 auream
1393 2451 1520 2498 unam.

200 2527 357 2616 Statua,
384 2551 499 2624 qnam
521 2527 618 2603 vidit
647 2522 1011 2612 Nabuchodonosor,
1039 2545 1124 2616 quae
1148 2545 1324 2631 percussa
1352 2544 1375 2590 a
1399 2520 1522 2617 lapide
1539 2549 1610 2602 nan.
1635 2565 1662 2602 a.

151 2619 320 2694 adscisso
339 2619 385 2694 de
404 2635 548 2718 monte,
574 2622 725 2696 redacta
743 2631 798 2693 est
818 2621 858 2693 in
880 2617 1072 2711 favillam,
1095 2628 1185 2690 satis
1203 2615 1347 2689 indicat
1369 2641 1523 2714 prospe-

150 2721 306 2792 ritatem
329 2717 559 2792 mundanam
577 2717 675 2791 nihil
698 2741 787 2789 esse.
1475 2791 1482 2808 ‚
1590 2801 1592 2806 ,

203 2811 291 2885 Filii
320 2812 469 2886 Zambri
499 2813 685 2887 faciebant
712 2813 865 2909 nuptias
892 2833 1067 2905 magnas,
1098 2820 1136 2883 et
1160 2817 1352 2885 venerunt
1374 2806 1560 2902 Judaei,1.
1581 2823 1670 2878 uach.
1688 2841 1720 2895 ῃ.

153 2907 321 2982 Jonatha
340 2905 457 3002 duce,
484 2920 521 2983 et
547 2908 766 2983 occiderunt
788 2908 947 2997 multos,
977 2931 1169 2976 conversae
1194 2917 1285 2976 sunt
1310 2905 1454 2998 nuptiae
1480 2905 1524 2976 in

153 3003 326 3087 luctum,
356 3016 394 3072 et
415 3029 497 3075 vox
515 3006 684 3096 ipsorum
706 3004 938 3076 musicorum
961 2999 1002 3071 in
1033 2998 1251 3073 lamentum.

207 3090 434 3162 Ptolomaeus
456 3116 526 3163 rex
546 3097 588 3161 AE
642 3096 717 3182 pti,
736 3095 951 3162 Alexandro
970 3118 1054 3182 rege
1071 3095 1190 3183 Syriae
1206 3090 1407 3181 debellato,
1424 3104 1463 3166 et
1481 3093 1523 3166 in
1540 3121 1562 3158 r.
1574 3103 1664 3159 nach.
1682 3121 1719 3160 rr·
1742 3134 1748 3144 ·

158 3183 337 3259 Arabiam
356 3181 508 3278 fugato,
537 3207 586 3253 ex
620 3194 725 3254 tatus
752 3195 835 3276 est,
860 3195 898 3254 et
921 3182 1077 3252 abstulit
1102 3183 1250 3254 Zabdiel
1275 3185 1392 3254 Arabs
1412 3198 1525 3278 caput

157 3277 390 3371 Alexandri,
417 3290 454 3350 et
483 3278 537 3354 sic
562 3276 666 3349 misit
695 3276 916 3370 Ptolomaeo,
948 3283 987 3346 et
1007 3296 1086 3346 rex·
1101 3275 1327 3349 Ptolomaeus
1351 3289 1524 3353 mortuus

162 3389 221 3452 est
251 3377 311 3449 die
333 3373 454 3448 tertia.

210 3471 455 3564 Adolescens,
486 3469 553 3567 qui
582 3467 760 3564 quaesivit
781 3493 804 3539 a
830 3467 1003 3556 Christo,
1021 3464 1209 3558 quomodo
1236 3475 1361 3560 posset
1386 3461 1525 3536 habere
1542 3487 1640 3542 natu.
1659 3507 1697 3562 ις.

159 3568 282 3645 vitam
318 3577 519 3658 aeternam,
551 3563 690 3639 multas
717 3561 878 3636 habebat
907 3558 1167 3657 possessiones.
1196 3561 1244 3632 Et
1269 3557 1409 3630 idcirco
1433 3556 1533 3634 abiit.

160 3665 305 3756 tristis,
327 3659 480 3760 qnando
501 3660 687 3734 Dominus
718 3659 821 3732 dedit
844 3659 879 3734 ei
901 3653 1101 3730 consilium
1130 3653 1379 3751 perfectionis.

211 3760 345 3832 Petrus
361 3783 411 3830 ne
433 3759 513 3832 avit
531 3754 737 3829 Dominu‘m
755 3759 797 3828 in
819 3755 915 3828 atrio
933 3749 1112 3850 principis
1131 3747 1375 3822 sacerdotum.
1543 3771 1641 3824 Maru.
1661 3775 1706 3827 aa.

211 3859 387 3951 Magnum
400 3781 540 3927 linum
565 3851 730 3926 fecerant
749 3851 872 3926 Judaei
884 3848 1047 3922 Domino
1061 3845 1268 3926 Jerusalem
1281 3844 1474 3937 venienti,
1488 3856 1526 3919 et
1545 3856 1642 3910 math.
1663 3873 1700 3910 21·
1730 3938 1732 3942 Α

165 3950 442 4048 circmnspectis
462 3949 662 4041 omnibus,
678 3973 764 4021 cum
783 3949 859 4044 jam
882 3941 1114 4042 respersisset
1129 3941 1246 4034 hora,
1272 3942 1366 4014 exiit
1392 3940 1435 4013 in
1459 3941 1526 4014 Be·

163 4047 353 4138 thaniam,
380 4069 467 4118 cum
495 4071 572 4119 non
595 4045 805 4136 inveniret,
828 4043 897 4140 qui
917 4067 1006 4114 eum
1028 4035 1193 4136 hospitio
1218 4041 1406 4134 reciperet.

104 4139 108 4150 ’
213 4139 272 4215 Ad
303 4139 614 4215 contemnendam
646 4139 909 4236 temporalium
941 4133 1210 4217 abundantiam
1240 4133 1402 4206 multirm
1437 4131 1528 4210 facit
1546 4143 1611 4201 Luc.
1628 4140 1674 4201 ni

163 4237 400 4334 exemplum,
429 4234 530 4332 quod
558 4236 664 4331 ponit
678 4235 862 4307 Dominus
891 4235 931 4305 in
955 4232 1021 4305 illo
1036 4228 1176 4318 divite,
1198 4232 1311 4399 cujus
1333 4255 1419 4324 ager
1436 4228 1528 4300 ube-

160 4357 223 4410 res
247 4331 397 4430 fructus
421 4331 557 4408 attulit.
580 4329 678 4406 Cum
693 4341 820 4405 autem
839 4327 1030 4488 sollicita}
1041 4327 1218 4487 ‹iugitaret
1263 4335 1428 4402 astruere
1443 4322 1530 4400 hor-

804 4472 808 4478 .
1086 4445 1103 4489 a
