4464 5464
337 487 604 608 rnunus
642 519 919 608 cxxxvm
978 521 1212 608 Ριιιιιιιῑι
1258 521 1360 608 na.
1449 497 1564 612 255'

172 665 356 684 mu·—

166 757 247 830 ibit.
288 755 413 855 Ignis,
440 754 609 854 grando,
636 753 737 851 nir,
762 753 925 853 glacies,
951 754 1107 854 spiritus
1141 755 1417 853 procellarum,
1450 779 1537 854 quae

167 851 315 932 faciunt
347 855 509 934 verbum
548 852 642 947 ejus.

841 983 876 1054 tlt

383 1219 389 1230 ,
492 1122 815 1258 ,maanus
864 1124 1196 1214 cxxxvna

623 1367 628 1374 -
666 1318 903 1402 Praesentia
948 1317 1047 1404 Det

177 1445 297 1580 Cain
330 1504 376 1578 ad
418 1506 643 1603 patrandum
679 1509 930 1584 fratricidium
965 1507 1093 1584 locum
1131 1507 1340 1584 solitarium
1402 1512 1534 1604 merit,
1553 1527 1622 1584 aar.
1638 1527 1665 1598 4.
1687 1531 1715 1585 a.

173 1600 281 1692 quasi
313 1601 414 1673 Deus
444 1602 586 1700 ubique
624 1631 789 1703 praesens
823 1606 878 1679 ibi
909 1630 997 1679 eum
1027 1631 1107 1678 non
1142 1605 1297 1679 videret.
1335 1537 1405 1679 sed
1436 1607 1534 1681 malo

170 1716 241 1768 suo
274 1707 452 1792 expertus
493 1708 571 1790 est,
593 1701 714 1774 scelus
746 1726 860 1776 suum
893 1727 916 1774 a
952 1701 1031 1773 Deo
1065 1701 1193 1776 visum
1231 1700 1359 1775 fuisse.

217 1791 374 1959 Henssch
407 1789 481 1868 fuit
510 1797 590 1869 tam
621 1805 796 1894 sanctus,
823 1807 861 1870 et
894 1795 1036 1895 placuit
1070 1796 1171 1889 Deo,
1201 1797 1291 1892 quia
1323 1795 1733 1875 subclamassem.

168 1911 258 1961 cum
328 1913 383 1960 eo.

217 1981 297 2056 Νοὸ
328 1987 391 2058 vir
417 1984 543 2078 justus
570 1997 684 2084 atque
711 1987 902 2082 perfectus
935 2013 1022 2062 cum
1053 1991 1135 2061 Deo
1167 1986 1386 2064 ambulavit.
1550 2004 1619 2056 cen.
1637 2005 1665 2058 s.
1681 2023 1736 2078 a.

217 2078 274 2152 De
309 2082 441 2179 Moyse
474 2090 635 2156 testatur
667 2083 702 2155 S.
732 2079 873 2156 Paulus
896 2083 1151 2157 :invisibilem
1184 2093 1366 2178 tanquam
1399 2085 1533 2158 videns
1550 2112 1632 2164 aeae.
1658 2131 1699 2168 ιι.

82 2195 102 2274 '.
169 2175 362 2249 sustinuit.
404 2175 484 2248 Hoc
510 2189 566 2251 est
585 2180 664 2252 :ita
691 2180 814 2252 Deum
842 2177 912 2251 sibi
952 2202 1098 2274 semper
1125 2176 1261 2251 habuit
1288 2190 1535 2275 praesentem,
1602 2193 1645 2248 ²7·

169 2297 212 2344 ac
241 2272 274 2345 si
302 2271 422 2346 oculis
451 2298 538 2346 eum
568 2273 726 2348 videret.
765 2271 859 2346 Inde
887 2275 972 2370 ejus
1000 2275 1190 2347 sanctitas.

217 2365 408 2442 Abraham
434 2369 555 2444 vitam
583 2368 808 2444 duritiam
838 2379 1026 2459 sanctam,
1043 2371 1134 2464 quia
1160 2369 1361 2444 obsecutus
1389 2381 1446 2444 est
1475 2369 1537 2444 illi
1551 2393 1620 2448 aen.
1642 2411 1682 2467 ιι.
1706 2411 1719 2452 ι

166 2464 237 2537 Dei
265 2465 444 2562 imperio:
458 2466 610 2541 ambula
640 2489 765 2541 coram
795 2489 880 2561 me,
899 2477 937 2539 et
965 2476 1045 2538 esto
1070 2463 1270 2560 perfectus.

216 2559 317 2635 Elias
339 2559 386 2636 de
413 2588 452 2636 se
471 2561 651 2660 affirmat,
672 2562 774 2661 quod
801 2587 947 2660 semper
967 2562 1009 2634 in
1031 2562 1231 2657 praesentia
1250 2561 1320 2633 Dei
1340 2572 1737 2657 versetur-(aman...

164 2657 220 2732 ait
248 2659 484 2736 enimtvivit
512 2661 701 2736 Dominus
722 2662 828 2734 Deus
856 2659 993 2752 Israel,
1015 2657 1057 2730 iu
1084 2659 1194 2746 cujus
1229 2671 1432 2754 conspectu
1462 2672 1531 2732 sto.
1786 2685 1790 2692 ·

212 2753 336 2830 David
374 2754 420 2829 de
452 2782 491 2830 se
530 2769 690 2833 testatur
705 2782 714 2828 :
732 2755 983 2832 Providebam
1014 2754 1223 2827 Dominum
1252 2754 1295 2827 in
1329 2767 1537 2852 conspectu·
1550 2772 1621 2833 asel.
1644 2773 1685 2830 ιε.
1705 2775 1740 2832 aa

159 2873 249 2924 meo
280 2875 435 2952 semper.
475 2853 573 2926 Hinc
605 2854 709 2930 vixit
738 2863 817 2925 tam
853 2865 990 2926 sancte.

212 2945 314 3020 Idem
350 2949 512 3044 injustas
543 2950 820 3046 persecutiones
853 2972 1011 3022 suorum
1033 2945 1204 3021 hostium
1237 2945 1416 3019 adscribit
1444 2948 1621 3021 oblisi-1.
1639 2961 1682 3020 53.
1704 2961 1738 3023 ⁵..

165 3043 274 3110 vioni
305 3059 512 3132 praesentim
546 3047 637 3138 Dei,
659 3046 752 3120 dum
777 3043 840 3120 'ait
857 3071 865 3118 :
885 3071 965 3119 nou
990 3053 1270 3142 proposuerunt
1296 3042 1421 3117 Deum
1446 3055 1534 3118 ante

168 3143 408 3224 conspectum
435 3159 563 3204 suum.
1153 3149 1155 3154 ’

215 3225 301 3298 Duo
323 3247 428 3297 senes
446 3227 655 3298 Susannam
677 3225 723 3297 ad
746 3225 930 3319 flagitium
950 3224 1169 3318 sollicitant,
1186 3228 1277 3322 quia
1290 3229 1360 3313 Dei
1374 3255 1624 3324 praesen-nau.
1644 3258 1693 3314 1³.

166 3320 260 3394 tiam
280 3347 300 3394 e
315 3322 496 3393 memoria
513 3319 780 3412 excluserunt3
801 3319 1087 3393 declinaverunt
1102 3322 1205 3416 entim
1222 3321 1350 3394 oculos
1367 3349 1472 3414 suos,
1489 3342 1540 3406 ut,

165 3444 244 3493 non
256 3417 430 3496 viderent
441 3415 598 3507 coelum,
609 3427 646 3488 et
657 3415 789 3488 dicunt
800 3415 847 3486 ad
859 3417 1084 3488 Susannam:
1097 3419 1192 3487 Ecce
1211 3439 1404 3489 nemonos
1415 3418 1532 3491 videt.

216 3515 355 3588 Contra
367 3513 539 3586 Susanna
549 3512 806 3606 gravissimam
818 3509 1171 3582 tentationem'vicit
1182 3512 1362 3584 memoria
1372 3533 1534 3606 praesen·
1551 3533 1672 3594 nram

167 3609 231 3682 tiae
252 3610 322 3684 Dei
340 3609 532 3702 roborata3
544 3606 735 3704 respondit
751 3607 852 3679 enim
868 3603 1181 3677 senibuszmelius
1201 3615 1258 3674 est
1277 3605 1372 3677 mihi
1391 3605 1541 3716 absque·

142 3723 145 3728 '
165 3731 276 3804 opere
287 3705 452 3780 incidere
463 3699 1141 3800 inmanusvestras,quampeccarein
1155 3711 1356 3795 conspectu
1369 3701 1540 3778 Domini.

215 3801 332 3876 Judas
351 3800 622 3893 *Machabaeum
644 3811 684 3873 et
708 3801 776 3899 qui
804 3823 891 3872 cum
924 3820 968 3868 eo
992 3806 1120 3888 erant,
1142 3798 1324 3870 invocato.
1345 3797 1448 3887 Deo,
1466 3823 1533 3894 per
1550 3832 1574 3869 ι.
1585 3816 1739 3878 nactast.

165 3899 352 3972 orationes
379 3898 568 3994 congressi
594 3909 685 3970 sunt
712 3895 955 3984 cum'boste‚
976 3916 1094 3964 manu
1119 3889 1271 3988 quidem
1299 3905 1539 3989 pugnantes„
1600 3888 1643 3944 ²⁶·

165 3993 229 4066 sed
256 3995 462 4069 Dominum
494 3993 669 4068 cordibus
704 4005 853 4070 orantes
867 4046 878 4085 ,
893 3999 1181 4087 prostraverunt
1208 4013 1285 4061 11011
1313 3989 1449 4068 minus.
1466 3992 1536 4070 tr'b

164 4091 268 4186 ginta
294 4091 465 4189 quinqua
496 4089 635 4180 millia,
655 4091 854 4188 praesentia
874 4088 944 4160 Dei
966 4085 1163 4182 magnifice
1192 4084 1383 4160 delectatis.

214 4185 347 4258 Petrus
389 4200 571 4282 praesente
616 4187 766 4263 Christo
808 4187 880 4262 sibi
918 4184 1085 4275 timens,
1098 4183 1317 4286 increpatur
1339 4207 1356 4260 ι,
1373 4181 1648 4264 modica-um..
1671 4207 1711 4280 aa

163 4278 254 4356 fidei
284 4305 400 4391 quare
430 4281 646 4356 dubitasti?
1600 4283 1641 4332 ³¹·

214 4375 390 4470 Obrutus
424 4379 610 4458 Dominus
649 4389 757 4488 autel
779 4403 888 4458 auam
926 4373 1186 4453 ascensionem
1221 4377 1269 4454 iu
1299 4375 1466 4474 coelum„
1487 4391 1533 4455 ur
1549 4390 1646 4514 Ἥ».
1674 4391 1716 4445 ιε.
