4464 5464
179 213 209 264 δ

193 453 486 586 ,τηυιυε
524 457 680 552 cxlv.
717 403 986 552 oseaeuna
1020 457 1508 572 arnoaeaamu.211

149 687 332 794 probatus
358 700 424 765 est.
451 685 629 766 Similiter
650 689 741 789 quia
758 687 923 790 pepercit
946 691 1047 805 lgag
1061 691 1140 792 regi
1163 681 1341 768 A'malech
1352 747 1364 788 ,
1379 702 1417 765 et
1438 715 1517 788 grc-
1536 715 1560 756 1·
1581 699 1645 772 aeg·
1672 693 1713 754 ¹⁵⁸

137 789 262 888 2gibus
290 789 441 884 ovium,
465 799 502 861 et
526 787 670 861 caeteris
696 787 809 863 rebus
838 787 1021 888 pretiosis.
1059 791 1109 865 Et
1141 803 1235 866 tunc
1259 789 1360 866 dixit
1390 786 1426 861 ei
1452 787 1518 861 Sa·

148 883 278 966 muel:
295 884 426 959 Melior
451 895 508 958 est
534 881 745 958 obedientia
768 909 880 982 quam
898 885 1084 968 „victimae
1334 957 1341 966 ,

200 979 325 1058 David
350 980 439 1055 licet
460 1005 527 1076 per
545 975 754 1052 Samuelem
776 991 872 1052 esset
897 993 1038 1056 unctus
1065 983 1107 1058 in
1127 993 1409 1081 regem‚tamen
1431 979 1521 1054 obe-
1541 1005 1565 1046 ι.
1582 993 1646 1062 aeg.
1674 1001 1715 1060 η.

152 1081 281 1157 diebat
310 1077 409 1178 patri
430 1074 598 1150 mittenti
620 1099 731 1170 eum,
750 1085 796 1148 ut
823 1087 988 1174 portaret
1008 1078 1190 1154 victualia
1207 1079 1417 1172 fratribus,
1439 1077 1522 1175 qui·

150 1177 226 1253 bus
252 1187 347 1249 tunc
372 1171 497 1244 fuerat
520 1168 748 1280 praeelectus.

201 1266 389 1344 Praedixit
424 1265 609 1339 Dominus
645 1263 858 1360 Salomoni,
875 1265 978 1364 quod
1017 1271 1050 1342 ai
1082 1267 1221 1347 faceret
1259 1269 1409 1364 omnia,
1437 1293 1523 1368 quse
1540 1281 1566 1335 δὴ
1582 1281 1647 1351 neg.
1665 1281 1704 1348 st·⁴
1806 1355 1810 1362 ,

153 1371 380 1464 praeceperat
402 1359 453 1456 ei,
466 1372 621 1458 poneret
636 1358 820 1436 tisronum
840 1361 948 1460 regni
973 1363 1055 1462 ejus
1077 1366 1120 1439 in
1139 1365 1346 1442 Jerusalem
1366 1366 1409 1439 in
1432 1390 1525 1440 sem·
1704 1387 1706 1394 '

153 1461 346 1560 piternum
359 1481 366 1526 :
379 1456 410 1530 ei
431 1468 557 1531 autern
579 1467 830 1553 averteretur,
849 1469 887 1531 et
908 1484 988 1534 non
1008 1461 1214 1538 custodiret
1232 1465 1315 1560 ejus
1330 1459 1527 1555 mandata,
1543 1501 1569 1540 η.
1591 1483 1677 1538 esan.
1697 1499 1723 1552 7„

154 1553 321 1630 auferret
345 1553 458 1626 lsrael
484 1551 532 1626 de
561 1551 757 1650 superficie
777 1564 899 1630 teme.

204 1646 428 1725 obedientia
453 1646 567 1723 etiam
586 1645 781 1722 interdum
805 1650 1095 1730 commendatur
1122 1651 1166 1726 in
1186 1652 1235 1728 iis
1251 1706 1261 1745 ,
1280 1669 1366 1750 qum
1387 1639 1526 1728 viden*
1543 1667 1569 1720 s.
1586 1649 1651 1735 lep
1665 1677 1707 1716 ro·

152 1759 220 1822 tur
240 1743 323 1820 aine
339 1744 485 1819 ratione
502 1741 685 1818 mandari.
713 1742 826 1819 Unde
846 1769 1046 1858 percussus
1076 1760 1134 1822 est
1155 1774 1178 1821 a
1206 1748 1315 1822 leone
1341 1745 1430 1841 ille,
1458 1747 1526 1846 qui

153 1840 281 1918 noluit
328 1852 496 1914 ercutere
514 1837 717 1938 q'uemdam
738 1839 786 1916 de
806 1840 897 1918 fihis
918 1841 1202 1943 prophetarum.
1506 1909 1514 1926 .

203 1937 277 2010 Vir
300 1866 370 2011 bei
385 1989 406 2046 ,θ
422 1936 490 2033 qui
543 1933 697 2046 redixit
727 1935 924 2012 Jeroboam
954 1937 1247 2014 destructionem
1282 1929 1410 2013 altaris
1444 1939 1525 2033 sui,
1542 1961 1569 2016 s.
1596 1962 1661 2030 rep
1682 1957 1726 2014 aas
1764 1997 1768 2008 .

157 2031 308 2108 alcone
330 2054 475 2105 occisus
501 1962 598 2124 siin,
622 2032 714 2128 quia
745 2043 876 2106 contra
899 2046 1129 2132 preceptum
1154 2035 1309 2108 Domini
1339 2035 1382 2108 in
1415 2032 1526 2109 domo

69 2203 72 2208 A
157 2127 312 2204 alterius
339 2125 537 2223 Prophetae
563 2123 733 2202 comedit.
1250 2126 1257 2142 ”

209 2223 308 2298 Cum
336 2221 384 2297 ad
402 2221 624 2296 mandatum
649 2213 776 2297 Eltsaei
804 2219 973 2296 Naaman
999 2223 1219 2320 indignatus
1242 2223 1383 2316 abiret,
1418 2221 1528 2298 dixe-
1545 2241 1570 2312 t·
1594 2237 1658 2314 trag.
1681 2238 1710 2295 ει

157 2329 252 2402 runt
286 2320 322 2394 ei
354 2319 456 2395 servi
483 2319 543 2393 sui
571 2317 734 2412 :Pater,
768 2315 914 2391 etiamsi
948 2339 1029 2394 rem
1050 2316 1231 2416 grandem
1260 2317 1422 2392 dixisset
1457 2318 1529 2392 tibi
1618 2315 1626 2322 “

157 2416 235 2492 Pro
259 2413 372 2510 beta,
405 2427 505 2489 certe
522 2409 644 2489 facere
673 2411 866 2488 debueras.
1489 2423 1492 2431 ’

50 2511 52 2518 ’
243 2511 347 2586 obias
375 2511 533 2612 junior,
564 2502 704 2588 auditis
732 2507 1062 2584 exhortationibus
1089 2509 1234 2606 patris,
1268 2504 1462 2606 respondit
1490 2517 1528 2583 et
1546 2531 1614 2587 rob.
1638 2528 1667 2588 a.

157 2607 290 2706 dixit:
314 2609 473 2704 Omnia,
495 2628 656 2708 quaecun
684 2633 732 2682 ue
784 2607 968 2704 raecepisti
994 2603 1113 2698 mihi,
1137 2603 1235 2678 facia
1282 2615 1428 2702 ,pater

211 2703 308 2797 Quic
335 2704 402 2779 uid
443 2631 954 2802 raecipiebatlsardochaeus,
979 2699 1203 2775 observabat
1226 2627 1386 2794 iliter,
1414 2707 1452 2772 et
1473 2697 1528 2774 ita
1544 2709 1639 2766 mter
1659 2723 1689 2764 aa

159 2731 497 2974 curppltablamedat,
528 2811 573 2876 ut
595 2825 639 2873 eo
668 2810 837 2910 tempore
860 2797 970 2876 solita
996 2807 1099 2889 erat,
1129 2821 1206 2898 quo
1228 2821 1309 2872 eam
1328 2793 1528 2894 parvulam

159 2925 219 2978 nu
269 2925 289 2972 e
318 2911 367 2973 at.
591 2907 595 2916 ’

130 3006 134 3018 ’
212 2985 532 3068 commendantur
560 3017 584 3066 a
618 2993 784 3068 Domino
815 2985 1030 3066 Rechabitas
1063 3007 1133 3104 pro
1162 3011 1230 3087 eo,
1264 2985 1367 3088 qnod
1396 2985 1531 3063 nolue*
1545 3009 1644 3064 teum.
1657 3005 1701 3062 ³⁵·

162 3098 257 3161 runt
274 3089 412 3158 vinum
434 3089 585 3176 bibere,
610 3095 797 3182 praecepto
826 3090 944 3182 patris
971 3084 1210 3179 obedientes,
1235 3085 1421 3160 dicentis:
1443 3081 1530 3158 Non

165 3177 302 3252 bibetis
324 3178 471 3250 vinum.

217 3273 333 3346 Jonas
352 3271 575 3366 insipienter
597 3263 807 3364 refugiebat
836 3263 986 3340 obedire
1007 3267 1170 3342 Domino
1219 3269 1451 3366 recipienti,
1487 3281 1532 3344 ut
1548 3293 1633 3348 rona.
1649 3307 1672 3342 ι.
1689 3303 1718 3349 a.

167 3371 242 3446 iret
271 3368 320 3443 ad
356 3363 637 3464 praedicandum
661 3360 705 3437 in
724 3361 886 3458 Ninive,
918 3361 983 3437 aed
1009 3295 1232 3461 reiirgiendb
1254 3361 1431 3456 devenit,
1457 3387 1534 3459 quo
1582 3367 1611 3411 ‘²
1634 3359 1662 3410 ³·

169 3465 357 3541 Dominus
384 3461 547 3536 miserat.

222 3558 425 3634 Matathias
449 3557 550 3631 dixit
567 3555 708 3630 nuncio
726 3553 824 3648 regis
846 3551 1024 3627 Antiochi
1047 3576 1055 3622 ι
1080 3553 1130 3626 Et
1151 3552 1185 3624 si
1206 3573 1336 3625 omnes
1352 3547 1536 3624 obediunt
1553 3576 1577 3611 ι·
1589 3559 1714 3616 lacta.

172 3681 215 3734 re
240 3656 249 3672 '
261 3707 275 3768 7
303 3679 370 3753 ego
393 3666 431 3728 et
449 3653 520 3728 filii
541 3653 616 3727 mei
637 3648 854 3726 obediemus
873 3645 948 3750 legi
969 3659 1119 3745 patrum
1146 3655 1375 3720 nostrorum.
1552 3661 1557 3674 ¹

215 3681 333 3830 buit
354 3773 457 3826 unus
486 3745 637 3823 illorum
666 3757 805 3844 septem
827 3743 1019 3818 fratrum:
1045 3743 1172 3818 Parati
1188 3763 1320 3816 sumus
1340 3735 1438 3813 mori
1455 3761 1538 3813 ma·
1554 3777 1581 3817 a
1594 3759 1717 3833 meaa

175 3849 256 3952 gis,
277 3872 392 3948 quam
462 3846 552 3922 trias
581 3846 651 3919 Dei
679 3843 778 3939 leges
799 3841 1049 3938 praevaricari.
1405 3870 1410 3890 ·

226 3943 417 4020 Descende
464 3955 482 4018 t
509 3969 605 4042 puer
631 3941 740 4016 Jeeus
764 3959 851 4014 cum
870 3937 988 4012 Maria
1005 3947 1045 4012 et
1066 3930 1203 4034 ioseph
1226 3932 1269 4012 in
1300 3927 1508 4006 Jerusalem
1526 3976 1538 4026 ,
1554 3947 1619 4011 tae.
1641 3967 1668 4008 a.

180 4051 220 4118 et
240 4053 320 4118 crat
345 4041 518 4117 subditus
543 4039 629 4116 inis.
1607 4085 1612 4101 .
1739 4053 1743 4058 ’

232 4137 316 4214 (lito
334 4150 372 4212 et
392 4137 556 4250 perfecte
586 4134 809 4210 obedierunt
835 4131 893 4209 illi
921 4131 1115 4230 Apostoli,
1145 4129 1212 4229 qui
1238 4149 1262 4200 a
1285 4125 1448 4200 Domino
1472 4147 1540 4196 ro-
1556 4133 1702 4216 mabit.

182 4233 281 4328 cati,
307 4245 488 4307 continuo
516 4231 658 4307 relictis
691 4231 867 4306 omnibus
901 4231 1021 4304 secuti
1047 4238 1137 4302 sunt
1163 4249 1262 4300 eum.
1296 4221 1474 4298 Similiter
1503 4229 1541 4294 et
1556 4213 1621 4268 ¹⁴³⁰·
1635 4213 1661 4270 ⁵·

142 4343 156 4384 ἰ
181 4327 387 4412 Mattheus
412 4327 551 4402 relictis
573 4326 750 4402 omnibus
772 4338 924 4402 secutus
952 4337 1008 4400 est
1027 4348 1126 4398 eum.
1202 4337 1205 4348 '

140 4453 152 4472 ·
234 4428 291 4511 Dc
313 4423 572 4506 obedientibus
595 4423 711 4508 verbo
731 4435 769 4500 et
790 4447 869 4502 non
886 4421 1003 4525 iacto,
1020 4416 1203 4594 serbfalctp
1219 4415 1305 4518 plus
1322 4437 1438 4520 quam
1454 4435 1543 4494 rsa*
1559 4416 1658 4477 Mb·
1675 4419 1719 4476 ¹²¹·
