4464 5464
749 443 828 498 212
886 399 1151 494 TITULUS
1175 395 1309 492 CXV.⁴
1345 396 1596 487 Obstinatio
1633 418 1678 489 et
1716 375 2064 502 austriacorum·

748 532 2115 568 *m

635 699 640 710 ,
734 629 814 722 bo,
845 627 1020 726 proponit
1055 626 1241 700 Dominus
1268 617 1493 732 exemplum
1523 616 1689 728 duorum
1719 617 1912 716 filiorum,
1946 655 2121 726 quorum

747 749 849 800 unus
877 723 1004 818 dixit,
1038 749 1077 797 se
1108 723 1253 796 iturum
1284 722 1326 793 in
1355 739 1506 794 vineam
1535 723 1681 811 patus,
1707 728 1745 789 et
1771 733 2037 820 operaturum,
2074 743 2119 804 et

747 835 827 896 non
848 821 921 896 ivit
947 843 955 890 :
988 819 1084 895 alius
1105 845 1154 892 ne
1177 819 1280 910 avit,
1302 826 1339 888 et
1364 813 1446 889 ivit.
1475 829 1483 842 “

553 941 650 1000 matth.
664 940 706 996 st.
795 918 919 992 Etiam
943 917 1049 990 malis
1078 844 1239 1013 praelatis
1266 907 1516 985 obediendum
1544 929 1651 998 esse,
1683 911 1859 1006 praecepit
1886 913 2115 994 Dominus:

747 1013 866 1109 Super
889 1010 1103 1086 cathedram
1130 1009 1255 1108 Moysi
1281 1005 1458 1080 sederunt
1484 1012 1576 1076 eta:
1599 1005 1753 1098 omnia,
1768 1030 1999 1106 quaecunque
2014 1017 2114 1108 jus.

747 1109 864 1181 serint
889 1108 1036 1201 facere,
1061 1107 1183 1180 facite.
1836 1189 1841 1200 ,
1967 1115 1973 1120 ’

535 1211 729 1286 'coemeras
795 1203 965 1279 Salvator
975 1215 1103 1277 noster
1113 1258 1124 1296 ,
1134 1201 1225 1297 legis
1239 1199 1443 1287 Dominus,
1458 1193 1531 1292 legi
1547 1193 1671 1269 voluit
1682 1195 1830 1272 obedire
1846 1197 1892 1270 in
1897 1203 2111 1280 circumci-

747 1299 871 1394 sione,
892 1312 929 1372 et
948 1299 1134 1372 oblatione
1150 1295 1249 1370 sacta
1267 1296 1308 1367 in
1319 1291 1480 1390 templo,
1502 1303 1540 1363 et
1554 1293 1666 1364 etiam
1677 1293 1719 1365 in
1731 1319 1799 1366 esu
1811 1295 1896 1388 agni
1907 1297 2109 1390 paschalis.

550 1419 666 1492 Philipp.
685 1434 711 1470 s.
793 1395 1021 1492 Exemplum
1041 1393 1260 1468 obedientiae
1288 1389 1463 1488 proponit
1484 1387 1595 1460 nobis
1621 1385 1820 1485 Apostolus
1845 1391 1887 1462 in
1913 1391 2110 1472 salvatore

532 1527 536 1534 ·
674 1512 677 1518 '
745 1503 897 1584 nostro,
916 1490 1068 1563 dicens:
1090 1491 1226 1563 Factus
1238 1501 1294 1564 est
1309 1483 1486 1559 obediens
1505 1509 1626 1579 usque
1645 1483 1691 1556 ad
1709 1495 1878 1558 mortem.
1895 1487 1973 1560 Ubi
1992 1493 2110 1569 etiam

745 1587 914 1660 insinuat
929 1585 1149 1660 obedientiae
1164 1583 1332 1666 fructum
1345 1611 1355 1677 5
1375 1583 1546 1679 sequitur
1561 1580 1662 1656 enim
1678 1605 1686 1651 :
1706 1579 1864 1679 Propter
1880 1583 1983 1686 quod
1999 1589 2107 1670 exat,

672 1681 1191 1758 'mmmm
1416 1737 1422 1750 .

548 1795 642 1851 Actor.
655 1794 681 1864 4.
793 1779 984 1874 Principes
1023 1777 1257 1860 sacerdotum
1284 1773 1507 1856 comminati
1538 1784 1628 1847 sunt
1653 1773 1764 1848 Petro
1789 1786 1828 1852 et
1860 1775 2021 1874 Joanni,
2053 1808 2114 1863 no

744 1872 846 1948 ultra
865 1872 1113 1970 loquerentur
1130 1875 1172 1947 in
1187 1873 1341 1948 nomine
1359 1872 1382 1944 J
1383 1896 1459 1944 esu.
1482 1870 1559 1960 Qui
1581 1873 1856 1966 responderunt
1873 1874 1926 1946 eis
1946 1876 2008 1949 :Si
2022 1880 2108 1975 jus-

744 1981 826 2042 tum
842 1981 920 2060 est,
941 1994 1011 2043 vos
1026 1971 1152 2068 potius
1165 1967 1315 2060 maire,
1335 1992 1450 2065 quam
1465 1967 1688 2058 Dominum,
1703 1965 1879 2064 judicate.
1898 1967 1985 2046 Non
2002 1977 2105 2062 enim

547 2083 639 2137 scm.
661 2083 688 2139 ⁵.
744 2089 1078 2162 possumus,·quae
1099 2063 1266 2142 vidimus
1289 2075 1332 2138 et·
1348 2062 1586 2156 audivimus,
1608 2087 1687 2134 non
1716 2061 1831 2162 loqui.
1852 2064 1997 2142 Deinde
2015 2095 2105 2152 cum

745 2171 992 2258 arguerentur
1022 2161 1190 2259 Apostoli
1218 2186 1241 2234 a
1264 2159 1497 2258 principibus
1522 2157 1783 2252 sacerdotum,
1810 2161 1899 2258 quia
1925 2188 2003 2238 non
2027 2173 2107 2242 ser'-

743 2257 898 2331 vissent
927 2280 1058 2331 eorum
1085 2256 1328 2352 mandatum,
1357 2254 1635 2353 responderunt
1658 2253 1796 2330 Petrus
1829 2269 1866 2330 et
1894 2257 1957 2333 alii
1983 2263 2106 2359 Apos-

733 2352 812 2427 -toli
836 2379 843 2424 :
865 2351 1025 2427 Obedire
1043 2366 1190 2453 oportet
1211 2355 1290 2426 Deo
1315 2354 1449 2451 magis,
1472 2375 1586 2448 quam
1608 2348 1838 2428 hominibus.

486 2499 495 2512 -
543 2468 677 2542 setona
791 2449 927 2524 Saulus
962 2451 1006 2523 in
1035 2463 1175 2526 terram
1203 2461 1435 2549 prostratus,
1463 2445 1619 2521 audiens
1641 2447 1756 2522 verba
1783 2449 1874 2524 Jesu
1892 2447 2105 2554 Nazareni,

629 2563 633 2570 '
741 2557 913 2644 prompte
937 2545 1014 2640 ait;
1035 2546 1332 2644 Domine,quid
1358 2571 1418 2620 me
1446 2547 1507 2620 vis
1531 2542 1652 2618 facere
1672 2540 1699 2614 ‘l'

541 2670 636 2730 Mo„
658 2685 698 2720 .0,
792 2637 988 2712 Cornelius
999 2641 1099 2715 dixu
1109 2643 1366 2716 beatorum:
1391 2644 1531 2718 Omnes
1547 2667 1615 2718 nos
1626 2641 1670 2714 iu
1684 2654 1885 2740 conspectu
1903 2657 1969 2719 tuo
1986 2648 2102 2724 adsu-

742 2733 1096 2830 musparatiaudire
1113 2741 1256 2829 omnia,
1275 2761 1513 2836 quaecunque
1523 2737 1593 2810 tibi
1603 2750 1783 2834 praecepta
1795 2751 1883 2812 sunt
1894 2741 2098 2824 aDomino.

542 2855 636 2912 Actor.
651 2855 692 2910 15.
788 2829 944 2921 Paulus,
973 2831 1090 2905 electo
1113 2834 1185 2906 sibi
1213 2835 1288 2908 Sila
1313 2835 1356 2905 in
1388 2835 1555 2926 socium,
1586 2833 1858 2930 perambulabat
1880 2835 2026 2931 Syriam
2054 2853 2096 2914 et
2226 2923 2227 2930 ἵ

740 2922 925 3010 Ciliciam,
949 2925 1177 2998 confirmans
1196 2921 1451 3023 Ecclesias„et
1468 2931 1681 3029 praecipiens
1705 2928 1889 3008 uutodne
1904 2945 2100 3030 precepta

737 3013 1002 3118 Apostolorum
1026 3031 1064 3094 et
1085 3021 1288 3106 seniorum.
1602 3028 1605 3034 ’
1922 3027 1926 3032 ’

1127 3201 1496 3293 .T1TULUs
1539 3207 1675 3294 CXV.

1062 3351 1300 3468 Obstz'notzo
1351 3373 1393 3437 et
1427 3356 1581 3439 duritia
1622 3353 1774 3439 cordis.-

538 3563 607 3618 εσυ.
629 3561 655 3632 4
738 3477 858 3614 Cain
879 3552 965 3710 post
986 3539 1301 3638 increpationem,
1330 3567 1446 3640 quam
1466 3541 1784 3640 fecitzDominus,
1810 3544 1915 3642 pejor
1935 3539 2035 3641 fuit,
2060 3557 2104 3620 et

734 3633 878 3712 fratrici
905 3637 985 3712 ium
1010 3639 1250 3736 perpetravit.
2225 3687 2226 3712 2

535 3742 622 3796 Exod·
641 3743 676 3798 s„
725 3801 729 3810 .
784 3733 857 3811 Gor
874 3733 1080 3808 Pharaonis
1104 3759 1184 3808 non
1206 3732 1809 3834 perblandimenta,quaep1imo
1826 3735 1928 3816 dixit
1946 3741 2097 3833 Moyses
2225 3725 2226 3742 ¹

535 3827 595 3942 2¹:32
617 3809 651 3859 'd
677 3827 717 3862 ¹⁰·
735 3848 786 3897 ex
811 3841 917 3920 parte
940 3829 1115 3922 Domini,
1145 3855 1215 3903 nec
1235 3853 1302 3926 per
1324 3829 1420 3904 dura
1444 3831 1587 3926 flagella
1606 3837 1731 3929 potuit
1748 3831 1917 3906 emolliri.

535 3939 625 4000 aaut.
640 3941 683 3994 32·
776 3917 869 4028 ‚Fini
892 3921 1006 3996 Israel
1028 3923 1241 4000 dicuntura
1257 3926 1419 4000 Domino
1433 3927 1594 4026 populus
1616 3927 1722 4003 durae
1733 3928 1908 4021 cervicis,
1930 3939 1977 4002 ut
1992 3941 2100 4027 patet
2225 4011 2226 4026 ,

496 4091 502 4098 .
734 4023 847 4086 atram
877 4015 996 4090 Levit.
1024 4019 1196 4112 pluribus
1217 4021 1318 4095 locis.
2225 4031 2226 4046 ¹

538 4121 641 4190 ang.
654 4138 680 4176 a.
751 4179 755 4188 ,
780 4109 864 4183 Heli
884 4113 1118 4186 sermonibus
1138 4117 1215 4190 suis
1237 4117 1335 4191 filios
1351 4119 1546 4215 corripuit,
1567 4119 1635 4196 sed'
1646 4121 1746 4198 nihil
1769 4121 1822 4196 eis
1845 4119 2002 4218 profuit.

536 4234 561 4274 s·
579 4218 643 4289 Rea·
656 4221 684 4276 t·
710 4221 716 4228 '
779 4205 928 4284 Samuel
945 4205 1122 4304 predixit
1133 4213 1283 4308 -populo
1303 4212 1535 4289 conditiones
1552 4219 1649 4315 regis
1668 4243 1801 4293 eorum
1819 4215 1930 4292 valde
1939 4239 2097 4310 pares,

727 4312 776 4476 εἰ
796 4303 897 4415 quod
916 4303 993 4476 {roc
1018 4303 1242 4408 displicebat
1257 4311 1440 4410 Domino,
1470 4324 1658 4392 ettamen
1679 4313 1887 4400 uoluerunt
1911 4289 2101 4402 desistere

807 4423 915 4502 moep
932 4426 970 4479 Os
