4310 5472
743 379 801 488 94
909 305 1174 454 mausus
1207 359 1276 442 n.
1315 354 1521 440 vicenus
1555 375 1654 462 erga
1692 347 1930 428 homnem.

1186 545 1652 665 vienensis.

1136 764 1338 850 Ft'deleles
1364 786 1461 868 ergo
1487 753 1707 840 homiuem.

551 991 619 1044 Gen.
635 987 678 1056 ²4·
749 907 910 1040 Servus
929 959 1087 1036 Abrahae
1103 957 1248 1034 Eliezer
1263 949 1421 1026 fideliter
1436 946 1511 1040 egit
1525 945 1710 1016 nuncium
1730 939 1935 1014 aDomine
1954 964 2037 1016 sue
2053 943 2109 1018 si·

749 1061 1009 1146 commissum,
1032 1054 1183 1152 quando
1208 1053 1280 1126 ivit
1300 1071 1369 1144 pro
1391 1043 1553 1116 Rebecca
1579 1037 1624 1110 ad
1648 1036 1801 1110 domum
1825 1033 2046 1110 Bathuelis.

550 1191 620 1242 cen.
642 1188 684 1238 31.
795 1156 825 1226 F
826 1154 971 1227 ideliter
992 1152 1150 1226 servivit
1171 1145 1286 1220 Jacob
1309 1137 1497 1215 avunculo
1520 1159 1589 1208 sue
1611 1133 1753 1224 Laban,
1776 1131 1933 1228 quando
1965 1157 2106 1230 gregem

747 1251 866 1349 ipsius
888 1246 1073 1346 pascendo
1094 1247 1154 1318 die
1176 1253 1359 1336 nocteque
1381 1247 1474 1306 aestu
1502 1229 1683 1340 urebatur
1704 1241 1741 1301 et
1764 1225 1858 1335 gelu.
1903 1321 1910 1336 .

552 1389 620 1441 oen.
644 1388 686 1454 39.
796 1343 934 1440 Joseph
957 1367 1042 1438 erga
1065 1341 1268 1415 Dominum
1292 1357 1406 1408 suum
1433 1325 1591 1402 fidehter
1613 1349 1650 1396 se
1672 1321 1822 1414 habuit,
1845 1345 1915 1418 qul
1948 1349 2103 1398 uxoren

750 1445 831 1538 ejus
855 1453 1006 1534 tangere
1029 1438 1161 1510 noluit.
1681 1518 1688 1532 Ι
1783 1513 1789 1527 ,
1914 1515 1922 1528 ‚
2022 1519 2029 1532 ι
2064 1521 2071 1532 ¹

555 1575 623 1626 een.
645 1569 688 1636 b·
798 1539 890 1608 Item
914 1558 999 1628 erga
1024 1533 1257 1605 Pharaonem
1279 1529 1320 1600 in
1342 1519 1512 1622 consilio,
1534 1515 1636 1615 quod
1657 1541 1692 1588 ei
1707 1511 1827 1606 dedit,
1850 1523 1889 1586 et
1910 1539 1953 1586 m
1975 1541 2105 1590 nunes·

749 1632 859 1718 terie,
881 1629 982 1723 quod
1012 1629 1047 1699 ei
1075 1625 1268 1714 exhibuit,
1298 1620 1437 1693 scilieet
1459 1613 1607 1710 Joseph.
1728 1705 1735 1722 ι
1897 1701 1900 1706 Ι
1985 1705 1994 1718 ⁶

557 1759 734 1812 Μηρώ,
801 1721 930 1796 Rabab
961 1726 1141 1796 meretrix
1162 1717 1321 1791 fideliter
1334 1714 1407 1808 egit
1425 1734 1510 1782 cum
1528 1705 1829 1803 exploranubus,
1848 1721 1934 1800 quos
1945 1717 2101 1792 miserat

461 1817 466 1829 '
754 1819 883 1909 Josue,
901 1829 938 1889 et
960 1819 1039 1912 ipse
1059 1816 1171 1886 Josue
1193 1815 1266 1909 egit
1290 1821 1417 1907 postea
1437 1804 1597 1878 fideliter
1614 1827 1700 1909 cum
1724 1800 1863 1872 eadem.
2057 1898 2062 1910 ι

559 1954 635 2003 tosus
655 1949 671 2001 3
692 1957 719 2000 „t
802 1913 984 2004 Quamvis
1006 1909 1221 1984 Gabaonitae
1236 1906 1452 1980 fefellissent
1466 1903 1488 1973 J
1490 1925 1579 1973 osue
1597 1912 1634 1970 et
1648 1897 1744 1968 filios
1762 1894 1891 1985 Israel,
1909 1907 2041 2000 tamen
2054 1923 2098 1990 qu·

592 2033 634 2069 ¹⁰·
754 2007 923 2083 merente
938 2021 974 2080 et
990 2019 1096 2104 pacta
1112 2007 1165 2080 eis
1180 2011 1442 2090 servaverunt,
1459 2009 1495 2070 et
1511 2021 1573 2070 eos
1591 2005 1721 2065 eontra
1738 1990 1859 2062 hostes
1875 2001 2018 2086 postea
2031 1991 2096 2064 fide·

756 2106 842 2180 liter
858 2106 1098 2198 adjuverunt.
1557 2187 1564 2201 ⁸
1759 2183 1764 2198 ι
1857 2182 1864 2197 ¹
1981 2185 1990 2198 ·

560 2243 659 2310 mg,
672 2256 715 2292 20,
803 2199 979 2290 Fideliter
1000 2197 1182 2272 indicavit
1202 2193 1325 2271 David
1351 2187 1532 2264 Jonathas
1554 2209 1647 2258 nam
1671 2195 1787 2294 patris
1813 2207 1888 2275 sut,
1910 2191 1953 2255 et
1978 2209 2093 2280 ipsun.

756 2311 941 2396 quantum
961 2297 1101 2392 potuit,
1124 2289 1385 2382 excusavit‚et
1407 2297 1534 2382 postea
1558 2277 1793 2354 confortavit.
1858 2371 1865 2387 ⁸

561 2434 585 2471 ι.
599 2419 661 2490 neg.
676 2435 718 2472 22.
805 2395 936 2467 Occiso
958 2403 1062 2488 patre
1080 2385 1260 2462 Abiathar
1276 2385 1467 2458 occasione
1485 2377 1625 2468 David,
1647 2377 1740 2470 Ege,
1761 2375 1898 2486 iuqu1t‚
1921 2400 2016 2488 sum
2032 2401 2092 2486 nus

756 2493 926 2562 omnium
949 2489 1159 2557 animarum
1181 2485 1297 2574 patris
1320 2481 1772 2580 tui,111anemecum,ne
1799 2483 1954 2542 timeas:
1982 2495 2094 2568 siquis

758 2579 975 2680 quaesiverit
996 2577 1159 2646 animam
1180 2596 1321 2662 meam,
1342 2579 1484 2666 quaeret
1503 2580 1539 2640 et
1560 2591 1723 2640 ammam
1749 2579 1872 2660 tuam,
1890 2591 2095 2664 mecumque

759 2669 976 2744 servaberis.

564 2812 584 2846 ι.
603 2794 666 2862 neg.
680 2807 723 2843 20.
745 2749 749 2756 ⁸
806 2763 935 2837 Noluit
950 2759 1072 2834 David
1089 2771 1285 2856 percutere
1299 2759 1503 2832 Dominum
1521 2783 1650 2848 suum,
1664 2757 1749 2832 licet
1769 2757 1912 2832 malum
1934 2771 1970 2832 et
1986 2783 2095 2855 perse·

759 2871 937 2956 quentem
964 2882 1069 2948 eum,
1092 2880 1178 2928 cum
1199 2867 1345 2949 tamen,
1366 2857 1398 2928 si
1421 2854 1616 2948 voluisset,
1639 2855 1696 2928 bis
1719 2879 1806 2928 eum
1829 2867 2025 2953 percutere
2043 2881 2097 2952 pe-

758 2955 902 3028 tuisset.

567 3093 587 3132 2,
606 3077 669 3145 seg.
684 3075 726 3128 ³1.
809 3052 984 3143 Magnum
1003 3045 1191 3119 fidelitatis
1209 3047 1355 3143 signum
1375 3045 1466 3138 fuit,
1482 3043 1569 3119 licet
1586 3045 1784 3120 indiscrete
1805 3049 1926 3144 egerit
1955 3045 2097 3140 armiger

762 3143 864 3234 Saul,
885 3141 1034 3238 quando
1051 3141 1183 3218 videns
1201 3143 1404 3216 Dominum
1422 3169 1534 3216 suum
1552 3167 1630 3215 esse
1648 3157 1857 3236 mortuum,
1874 3144 1998 3216 noluit
2015 3143 2098 3215 ultra

761 3242 908 3331 vivere,
924 3237 986 3311 sed
1009 3240 1120 3312 irruit
1140 3264 1251 3334 snper
1270 3239 1433 3334 gladium
1457 3265 1586 3331 suum,
1608 3253 1644 3312 et
1667 3251 1839 3312 mortuus
1862 3251 1918 3312 est
1944 3263 2035 3312 cum
2059 3264 2101 3310 eo

761 3334 861 3426 Quid
891 3360 976 3406 ero
1000 3330 1120 3406 facere
1149 3333 1326 3406 debemus
1353 3360 1421 3430 pro
1448 3333 1628 3426 Domiu0‚
1656 3361 1724 3430 pro
1752 3336 1862 3408 nobis
1889 3333 2103 3408 crucifixol

569 3460 589 3494 1·
608 3443 670 3510 Rev·
684 3439 727 3493 31·
810 3431 891 3503 Viri
919 3359 1027 3503 fgabes
1056 3428 1194 3501 Galaad
1225 3427 1383 3526 fideliter
1410 3455 1447 3503 se
1469 3429 1693 3504 babuerunt
1719 3429 1766 3504 ad
1794 3431 1882 3504 Saul
1907 3430 2106 3504 Dominum

761 3553 889 3618 suum,
914 3526 1000 3599 licet
1024 3525 1182 3616 malum,
1205 3539 1418 3600 reverenter
1443 3553 1481 3598 se
1508 3527 1659 3599 elientes
1681 3551 1778 3599 eum.

569 3648 593 3682 2·
613 3632 675 3698 neg.
690 3647 727 3681 ¹¹·
810 3624 922 3696 Urias
944 3623 1098 3720 Etheeus
1115 3622 1262 3694 nolebat
1279 3647 1358 3696 esse
1377 3624 1418 3696 iu
1438 3553 1597 3715 deficiis,
1620 3622 1802 3718 quamdiu
1816 3618 1913 3696 Joab
1927 3623 2103 3699 Dominus

763 3745 854 3792 suus
883 3718 1071 3790 laborabat
1097 3717 1137 3791 in
1162 3719 1340 3790 exercitu.

570 3846 594 3880 α.
608 3831 671 3898 aeg.
691 3845 729 3882 ιι.
812 3815 979 3885 Instante
1008 3813 1175 3906 captione
1191 3813 1353 3888 civitatis
1373 3812 1562 3905 Rabbath‚'
1582 3812 1763 3909 quamdiu
1782 3813 1982 3890 obsederat
2009 3816 2108 3901 duab,

764 3909 868 3980 misit
890 3905 934 3978 ad
951 3907 1096 3988 David,
1119 3920 1162 3978 ut
1184 3910 1352 3999 veniret,
1380 3919 1416 3978 et
1438 3907 1540 3980 illam
1568 3924 1735 4004 caperet,
1764 3923 1808 3983 ut
1833 3911 2003 3988 Domino
2032 3939 2108 4000 sue,

706 4057 711 4063 -
764 4028 842 4076 non
864 4001 959 4092 sibi,
985 3999 1108 4072 honor
1125 4001 1291 4076 victoriae
1312 4002 1528 4076 deferretur.

571 4128 596 4164 α.
612 4113 674 4182 ueg.
689 4115 729 4170 ιε.
813 4097 908 4170 Cum
928 4093 1074 4190 sugeret
1104 4095 1225 4172 David
1257 4097 1392 4171 alacie
1415 4097 1599 4194 ilbsalon,
1629 4098 1729 4174 dixit
1750 4099 1803 4172 illi
1831 4101 1952 4180 Ethai
1982 4136 1990 4180 :
2013 4105 2116 4180 Vivit

763 4193 965 4284 Dominus,
989 4191 1167 4288 queniam
1194 4194 1235 4265 in
1263 4218 1488 4291 quocunque
1510 4193 1592 4268 loco
1613 4196 1750 4289 fueris,
1765 4198 1928 4280 Domine
1951 4206 2012 4282 nii
2027 4201 2117 4282 tex!

765 4288 845 4366 sive
870 4289 913 4362 in
939 4299 1080 4382 morte,
1108 4289 1251 4364 sivein
1275 4290 1377 4386 vita,
1400 4290 1454 4364 ibi
1470 4292 1540 4365 en't
1563 4317 1694 4368 servus
1720 4305 1819 4369 tuus.
