4502 5484
748 425 760 470 a
837 387 892 490 46
1165 377 1429 468 TITULUS
1467 371 1625 464 XXIV.
1668 369 1862 460 castitas.

1201 631 1573 876 TITUL&
1624 780 1815 870 XXIV.

1419 955 1612 1046 cassatas.

642 1159 712 1216 Ges·
734 1159 760 1228 t·
839 1100 1060 1264 Quamdiu
1085 1154 1198 1251 primi
1230 1160 1400 1266 parentes
1429 1149 1472 1223 in
1497 1145 1671 1222 Paradiso
1692 1143 1868 1235 sumunt,
1888 1136 2052 1236 virgines
2079 1137 2194 1211 exti-

836 1265 983 1346 terunt,
1010 1249 1074 1325 sed
1098 1250 1189 1347 ipsis
1211 1247 1337 1346 eJectis
1359 1243 1515 1320 dicitur:
1540 1239 1659 1316 Adam
1685 1239 1858 1338 cognovit
1876 1235 1995 1312 Evam
2016 1255 2186 1308 uxorem

838 1375 954 1423 suain.
1879 1423 1881 1428 Ι

641 1464 713 1516 cen.
737 1462 779 1530 34.
887 1443 981 1514 Cum
1007 1439 1154 1514 Siohem
1176 1439 1350 1515 violasset
1376 1437 1512 1510 Dinam
1532 1431 1648 1506 filiam
1668 1431 1799 1525 Jacob,
1819 1429 1954 1506 frenes
1972 1425 2055 1592 εἴη
2074 1422 2185 1496 irreti

839 1549 928 1610 sunt
957 1535 1088 1625 valde,
1105 1560 1148 1606 eo
1201 1533 1275 1606 uod
1305 1532 1444 1606 foedam
1480 1553 1558 1600 rem
1588 1538 1759 1623 operatus
1788 1537 1883 1598 esset
1906 1524 1950 1596 in
2019 1517 2121 1608 rael,
2143 1529 2185 1589 et

838 1631 978 1706 violati
1000 1629 1079 1700 filit
1101 1561 1233 1717 Jacob,
1256 1653 1335 1699 rem
1356 1625 1522 1698 illicitam
1544 1633 1796 1717 perpetrasset.
1819 1616 1986 1691 Tandem
2005 1623 2042 1686 et
2060 1611 2184 1686 mola-

838 1738 958 1798 torem
976 1735 1013 1794 et
1034 1736 1177 1818 patrem
1199 1726 1305 1818 ejus,
1323 1732 1360 1790 et
1381 1743 1511 1790 eorum
1537 1716 1718 1812 populum
1740 1715 1969 1788 occiderunt.

646 1827 817 1899 virginiam
887 1815 984 1891 Nota
1009 1817 1109 1913 quod
1135 1816 1207 1888 hoc
1240 1815 1314 1888 fuit
1345 1824 1431 1885 ente
1456 1812 1573 1906 legem
1606 1811 1780 1904 scriptam
1806 1808 1877 1880 sub
1905 1806 1982 1900 lege
2010 1815 2180 1882 naturae.

574 1988 583 2002 ,
628 1895 815 2016 ξξξωωὼ·
841 1925 1027 2009 quantum
1057 1939 1144 2008 ergo
1179 1913 1252 2060 pub
1284 1910 1362 2006 lege
1389 1909 1514 2004 gratiae
1544 1905 1738 1999 virginitas
1759 1901 1940 1976 honorari
1971 1897 2103 1991 debet,
2143 1913 2182 1971 et

839 2021 900 2082 stu
928 2033 1013 2082 rum
1065 2009 1193 2084 uniri.

645 2133 715 2188 oen.
736 2134 779 2201 a,
894 2035 1077 2193 deamvi}
1095 2101 1232 2198 Joseph
1254 2113 1350 2174 esset
1368 2121 1498 2172 servus
1510 2095 1711 2192 emptitius
1726 2104 1764 2166 et
1781 2093 1951 2187 elegantis
1966 2083 2087 2158 formae
2109 2090 2176 2196 ju-

844 2201 976 2292 venis,
999 2199 1078 2272 sine
1111 2223 1255 2272 uxore:
1288 2209 1414 2268 tamen
1441 2193 1645 2264 solicitatus
1669 2215 1691 2259 a
1711 2190 1871 2259 Domine
1900 2207 1968 2257 sua
1991 2195 2178 2290 recusavit

842 2307 1017 2390 stuprum
1039 2306 1076 2366 et
1093 2295 1226 2366 maluit
1254 2289 1439 2364 offendere
1467 2311 1549 2359 eam
1576 2297 1613 2356 et
1636 2287 1678 2358 in
1703 2305 1886 2354 carcerem
1915 2274 2038 2370 trudl,
2064 2301 2178 2371 quam

839 2389 993 2484 perdere
1020 2389 1239 2460 castitatem.

638 2483 712 2534 Geta
726 2481 768 2531 ³⁸·
890 2481 912 2549 J
915 2481 1007 2550 udas
1018 2481 1085 2569 qui
1096 2488 1220 2546 castus
1232 2498 1308 2544 non
1320 2481 1416 2560 erat,
1431 2467 1636 2544 ‚detestatus
1648 2484 1702 2544 est
1714 2469 1996 2546 fornicationem
2003 2465 2173 2541 Thamar.

550 2575 554 2582 ’
645 2589 727 2644 Num.
746 2589 789 2637 ss.
891 2571 981 2642 Post
1003 2567 1283 2642 debellationem
1305 2563 1590 2638 Medianitarum
1617 2566 1754 2639 factam
1776 2589 1843 2661 per
1858 2563 2018 2636 Phinees
2037 2574 2075 2635 et
2090 2563 2172 2635 aiios

843 2671 1083 2772 pugnatores,
1110 2661 1221 2772 jussit
1247 2665 1395 2758 Moyses
1417 2659 1590 2734 mulieres
1617 2673 1808 2758 corruptas
1829 2657 2013 2757 jugulari,
2041 2670 2079 2731 et
2101 2659 2173 2731 vir-

882 2781 949 2828 nes
976 2781 1170 2829 reservam.
1611 2803 1617 2814 ·

643 2887 666 2924 ι.
688 2871 752 2936 neg.
770 2885 807 2920 αι.
844 2781 1024 2922 glMundi
1049 2875 1126 2922 esse
1149 2848 1352 2942 debebant,
1383 2851 1546 2922 maxime
1572 2829 1858 2943 t'mulienbus,
1887 2851 1955 2946 qui
1980 2871 2092 2946 panes
2118 2875 2173 2920 sa·

649 3015 652 3024 ,
844 2942 1044 3020 cerdotales
1065 2941 1314 3017 comedebant.
1369 3015 1372 3022 .

643 3043 672 3109 t·
690 3042 753 3109 aeg.
776 3042 801 3108 t
894 3035 1053 3128 Quando
1070 3039 1206 3111 mulier
1216 3038 1417 3111 Sunamitis
1428 3036 1575 3134 hospita
1585 3037 1710 3110 Elisaei
1720 3038 1867 3114 volebat
1877 3040 1913 3112 ei
1922 3035 2174 3133 loqui,mitte·

840 3131 904 3206 bat
915 3133 959 3208 ad
973 3157 1051 3206 earn
1060 3131 1215 3206 Elisseus
1221 3157 1379 3228 puerum
1393 3158 1515 3223 suum,
1526 3135 1634 3228 quasi
1643 3136 1768 3206 vitans
1776 3133 2170 3230 colloquiamulierum.

641 3239 710 3292 Teo.
727 3241 753 3292 δι
887 3229 975 3302 Sara
995 3231 1037 3301 in
1059 3232 1224 3301 oratione
1250 3227 1423 3298 dicebat:
1454 3229 1513 3298 Tu
1534 3230 1628 3319 scis,
1655 3229 1837 3321 Domine,
1864 3229 1953 3326 quia
1982 3252 2171 3322 uunquam

836 3325 1038 3420 concupivi
1064 3324 1209 3416 virum,
1235 3335 1273 3397 et
1289 3319 1468 3396 mundam
1497 3325 1645 3398 servavi
1668 3325 1833 3396 animam
1860 3345 1981 3396 nicam
2005 3321 2053 3394 ab
2077 3323 2169 3396 omni

838 3420 1148 3517 concupiscentia.

635 3525 744 3581 cuuth.
760 3528 787 3580 c.
884 3521 1032 3590 Mortuo
1053 3515 1139 3590 viro
1161 3540 1230 3589 suo
1251 3513 1273 3586 J
1276 3507 1383 3586 udith
1407 3509 1522 3588 alium
1555 3513 1733 3605 nescivit,
1748 3524 1785 3586 et
1806 3539 1882 3586 sem
1910 3537 1950 3586 er
1972 3513 2170 3586 castitatem

833 3611 986 3684 amavit.
1016 3609 1085 3684 Sed
1108 3624 1217 3702 nota,
1238 3607 1330 3705 quid
1362 3607 1540 3702 faciebat,
1567 3611 1657 3704 quia
1683 3633 1769 3680 cum
1793 3539 1926 3703 puelds
1952 3607 2031 3680 suis
2056 3607 2172 3680 clausa

835 3705 1032 3796 manebat,
1051 3703 1114 3776 vel
1130 3705 1363 3792 morabatur,
1382 3716 1419 3774 et
1436 3701 1579 3778 habens
1601 3701 1765 3774 cilicium
1784 3729 1894 3797 super
1910 3701 2060 3775 lumbos
2080 3727 2173 3792 suos,

838 3797 1032 3891 jejunabat
1048 3797 1222 3869 omnibus
1241 3797 1475 3871 diebusvitae
1495 3808 1740 3892 suae,p1·aeter
1756 3797 1906 3870 sabbeta
1915 3809 1952 3870 et
1966 3795 2175 3868 neomenias

839 3898 877 3957 et
894 3888 989 3958 festa
1008 3888 1142 3960 demtis
1165 3891 1293 3974 lsrael.
2232 3929 2233 3964 t

639 4001 710 4053 mn.
726 4016 753 4066 9
833 3987 837 3996 '
883 3983 1056 4054 'Susanna
1076 3984 1239 4078 graviter
1254 3983 1400 4080 pulsata
1417 3984 1492 4059 sirit
1508 3984 1555 4056 ab
1569 3983 1645 4058 illis
1664 3983 1832 4079 senibus,
1851 3984 1915 4060 sed
1931 4009 2008 4060 suae
2019 3987 2175 4060 castitati

701 4099 717 4120 f
839 4099 908 4147 nec
924 4075 1062 4150 famam
1084 4101 1152 4148 nec
1167 4079 1284 4152 vitem
1335 4077 1597 4178 raeponendam
1617 4103 1695 4151 esse
1715 4083 1873 4175 putavit.
2232 4107 2233 4194 t

596 4237 601 4244 .
639 4187 739 4244 unat.
758 4183 801 4242 25.
886 4171 943 4243 Ad
965 4169 1046 4244 haec
1062 4171 1191 4246 nulius
1210 4171 1257 4244 de
1279 4105 1358 4246 sois
1382 4177 1551 4246 castitate
1573 4172 1758 4266 confidat,
1784 4174 1988 4248 secundum
2002 4174 2060 4266 id,
2077 4173 2175 4272 quod
2232 4201 2233 4242 i

835 4263 883 4342 de
902 4267 1114 4366 uirginibus
1130 4267 1352 4368 evangelicis
1374 4265 1530 4348 fuerunt
1550 4281 1608 4348 tot
1624 4267 1738 4348 fatue
1748 4322 1761 4366 ,
1777 4282 1871 4369 quot
1891 4265 2110 4371 prudentes.

1574 4501 1576 4506 Ι
1640 4449 1648 4492 t
