4310 5472
760 463 844 549 ‘rod
974 419 978 429 ¹
1071 445 1333 538 TITULUS
1371 439 1482 528 LlX.
1521 439 1672 526 Gloria
1704 453 1823 522 vana.
2114 414 2115 500 l

573 694 633 746 ner.
648 685 724 756 ata
812 671 921 742 Ibant
944 664 1110 764 Apostoli
1130 663 1329 760 gaudentes
1350 684 1373 731 a
1394 669 1595 763 conspectu
1616 653 1781 762 concilii,
1800 651 1995 747 quoniam
2023 651 2113 748 digai

766 766 888 840 habiti
914 775 1003 836 sunt
1027 787 1095 857 pro
1110 761 1261 832 nomine
1281 757 1371 828 Jesu
1397 747 1660 825 contumellam
1682 760 1769 855 patr,

574 889 599 922 ²·
614 870 675 922 θον·
690 864 751 936 r-i·
817 859 956 934 Paulus
981 856 1026 927 de
1050 865 1088 927 s'e
1108 837 1282 926 testatur:
1306 851 1467 945 repletus
1489 871 1573 919 sum
1593 844 1859 932 consolatione,
1879 845 2106 936 superabun-

732 943 742 960 ’
770 955 819 1028 do
839 955 972 1048 gaudio
995 952 1037 1022 in
1061 952 1165 1023 omni
1185 947 1425 1022 tribulatione
1445 953 1582 1014 nostra.

577 1063 696 1116 amose.
711 1063 735 1114 3.
820 1048 1005 1121 Gaudium
1027 1045 1209 1117 rnalorum
1232 1041 1405 1114 describit
1435 1036 1621 1132 Propheta
1646 1034 1779 1105 Amos:
1798 1031 1880 1120 Vae,
1913 1035 1988 1126 qui
2015 1044 2118 1128 sepa-l

771 1143 945 1217 satiastis
967 1143 1008 1212 in
1024 1139 1123 1210 diem
1135 1139 1293 1224 malum,
1311 1147 1348 1206 et
1359 1130 1662 1229 appropinquatis
1682 1127 1773 1199 solio
1793 1126 2023 1221 iniquitatis.
2041 1129 2107 1215 Qui

772 1236 941 1310 dormitis
958 1236 999 1308 in
1012 1233 1116 1306 lectis
1134 1233 1324 1322 eburneis,
1341 1243 1379 1302 et
1396 1227 1574 1300 lascivitis
1592 1227 1634 1296 in
1652 1224 1776 1295 stratis
1796 1221 1948 1295 vestris.
1961 1222 2040 1310 Qui
2059 1247 2102 1291 ca·

771 1334 862 1404 nitis
889 1331 935 1402 ad
956 1353 1088 1402 vocem
1109 1328 1284 1422 psalterii.
1309 1324 1483 1396 Bibentes
1512 1322 1647 1393 vinum
1667 1319 1709 1388 r'n
1733 1315 1887 1425 phialis,
1914 1329 1957 1388 et
1990 1319 2055 1411 op'
2118 1351 2119 1370 .

771 1425 965 1574 pisignano
987 1423 1158 1494 delibuti:
1175 1433 1212 1493 et
1233 1419 1330 1494 nihil
1347 1419 1584 1516 patiebantur
1602 1437 1713 1510 super
1730 1423 1962 1484 contnuone
1991 1409 2099 1506 loseph

583 1611 643 1666 Μ’
661 1610 701 1662 ¹⁶·
715 1607 757 1674 ²4·
778 1517 1089 1708 χΡίΙὶΞΠπΞῖΓῐῗὲἓὶιζιιε
1106 1609 1311 1707 jucundus,
1334 1608 1397 1681 sed
1415 1595 1623 1682 secundum
1643 1571 1776 1678 laciem
1792 1601 2035 1676 Sanctorum.

1434 1755 1465 1822 dt

1217 1893 1517 1981 TITULUS
1553 1893 1687 1978 LIX..

1307 2075 1450 2158 Gloria
1485 2101 1599 2156 eona.

587 2267 669 2320 ΜΓ·
696 2281 736 2316 ¹¹·
783 2209 967 2370 Moyses
989 2269 1137 2363 grandis
1164 2267 1284 2339 factus
1305 2266 1456 2360 negavit
1471 2289 1516 2335 se
1545 2287 1623 2334 esse
1645 2259 1766 2332 filium
1793 2257 1878 2332 filiae
1898 2259 2104 2366 Pharaonis,

635 2366 678 2434 24.
782 2375 940 2482 majores
968 2367 1118 2446 divitias
1145 2365 1333 2438 aestimans
1353 2361 1533 2433 thesauro·
1548 2356 1832 2454 AEgyptiorum,
1851 2359 2103 2446 improperium

588 2561 656 2612 ⁰⁰¹¹·
670 2556 713 2620 ⁴¹·
728 2557 765 2604 ¹⁶·
772 2468 971 2654 ⁴Chidiiiiph
988 2556 1133 2644 omnia,
1175 2575 1234 2620 uae
1248 2552 1290 2621 in
1308 2551 1467 2644 AEgypto
1485 2547 1610 2642 gessit,
1627 2545 1741 2620 refert
1757 2545 1805 2618 ad
1822 2546 1957 2634 Deum,
1975 2553 2013 2612 et
2031 2540 2105 2648 nul

589 2640 663 2738 Gal]
678 2621 723 2748 ll·
741 2684 767 2732 3,
785 2653 861 2721 lam
879 2676 947 2745 pro
970 2674 1008 2720 se
1025 2646 1110 2720 vult
1129 2576 1298 2738 gloriam,
1317 2645 1369 2715 ait
1391 2645 1508 2734 enim3
1530 2643 1669 2738 absque
1690 2667 1749 2714 me
1770 2644 1871 2713 Deus
1890 2637 2103 2734 respondebit

590 2755 659 2804 can.
682 2750 714 2800 ⁵⁰
729 2765 767 2798 ²⁰·
786 2767 961 2839 prospera
977 2739 1172 2813 Pharaoni.
1200 2741 1313 2810 Item:
1331 2763 1416 2834 quae
1441 2738 1609 2810 facturus
1628 2751 1683 2810 est
1707 2739 1824 2826 Deus,
1841 2733 2001 2806 ostendit
2021 2729 2104 2802 Pha-

787 2839 905 2943 raoni.
919 2839 1030 2907 Item:
1047 2837 1147 2950 Deus
1169 2829 1257 2942 iecit
1279 2859 1338 2905 me
1361 2835 1467 2942 quasi
1484 2845 1626 2942 patrem
1643 2833 1865 2941 Pharaonis,
1883 2844 1922 2902 et
1937 2830 2104 2939 domium

787 2929 1136 3096 attolat
1150 2928 1890 3098 tt³th¹t¹ntt⁶t¹.t¹¹.ttttffttth
1959 2926 2103 3092 m

790 3049 970 3191 erhiltar‘dlt
991 3143 1068 3209 me,
1090 3129 1126 3188 et
1149 3118 1270 3190 salvos
1293 3076 1429 3190 faceiet
1453 3115 1593 3190 multos'
1614 3117 1779 3214 populos.
2053 3073 2061 3108 ἲ

593 3210 636 3264 ¹²⁵·
650 3225 703 3277 ¹¹5·
720 3207 756 3259 ¹⁶*
835 3212 957 3286 David
980 3238 1086 3286 suam
1108 3212 1323 3307 dignitatem
1342 3213 1478 3306 regiam
1493 3225 1531 3284 et
1550 3213 1725 3308 praeclara
1748 3223 1849 3306 gesta
1871 3211 1941 3284 soli
1965 3205 2107 3282 Deoadr

789 3308 1127 3479 scribitptpivtipnlplrp
1138 3333 1150 3376 :¹
1165 3310 1327 3380 Dextera
1344 3307 1497 3380 Domini
1517 3305 1604 3380 fecit
1621 3309 1821 3400 virtutem,
1839 3306 1987 3380 dextera
2001 3308 2111 3375 Donu-

591 3515 620 3552 2·
642 3501 705 3568 Ποῦ·
731 3514 768 3550 ¹²·
787 3429 928 3571 mlhxah
940 3497 1089 3572 laudem
1100 3458 1267 3572 dictor-ie
1284 3525 1359 3572 non
1373 3501 1466 3597 petit
1486 3526 1555 3596 pro
1577 3527 1636 3593 se,
1657 3499 1719 3572 sed
1738 3510 1854 3572 totam
1873 3493 2113 3573 vuttbomuo

643 3602 684 3654 ²⁷·
788 3621 857 3668 suo
883 3594 1005 3669 David
1035 3593 1203 3667 adscribi.
1232 3593 1326 3668 Cum
1348 3596 1448 3668 enim
1471 3595 1654 3668 obsideret
1675 3595 1807 3666 urbem
1830 3589 2022 3680 Rabbath,
2038 3612 2116 3659 eam·

788 3716 861 3852 {pue
873 3694 948 3785 jam
961 3693 1001 3762 in
1012 3704 1198 3762 extremas
1212 3693 1400 3784 angustias
1415 3689 1630 3782 redegisset,
1642 3689 1743 3763 misit
1757 3690 1919 3761 nuncios
1936 3685 1985 3758 ad
2003 3677 2116 3762 Duid,

815 3787 932 3852 icens:
949 3783 1125 3856 dimicavi
1139 3782 1318 3857 adversus
1330 3784 1516 3874 Rabbath,
1527 3795 1563 3854 et
1577 3783 1754 3879 capienda
1769 3797 1825 3855 est
1838 3784 1931 3854 urbs
1944 3800 2119 3876 aquarum·

790 3873 901 3945 Nunc
909 3876 1023 3966 igitur
1037 3901 1216 3976 congrega
1225 3878 1407 3974 reliquam
1422 3890 1563 3973 partem
1576 3879 1722 3973 populi,
1733 3889 1770 3949 et
1785 3877 1922 3950 obside·
1931 3877 2121 3954 civitatem,

793 3978 830 4037 et
852 3989 939 4073 cape
960 3992 1059 4059 eam,
1074 3993 1136 4062 ne,
1155 3996 1241 4044 cum
1259 3997 1280 4044 a
1301 3994 1362 4044 me
1382 3977 1528 4047 v‘astata
1547 3969 1662 4046 suerit
1681 3971 1791 4066 urbs,
1808 3973 1961 4045 nomini
1975 3997 2064 4046 mee
2078 3963 2125 4038 td·

793 4059 978 4132 scribatur
1002 4063 1167 4136 victoria.

598 4170 625 4239 l·
638 4170 700 4238 neg.
714 4181 757 4221 ²⁰·
839 4153 1017 4228 Ezechias
1040 4181 1089 4228 ex
1101 4162 1332 4326 vanaploria
1343 4161 1504 4236 ostendit
1519 4187 1647 4236 omnes
1665 4189 1751 4236 suos
1771 4162 1978 4238 thesauros
1999 4157 2126 4238 nunciis

791 4249 898 4359 Regis
919 4251 1132 4363 Babylonis.
1158 4253 1202 4326 Se
1247 4271 1438 4366 propterea
1463 4283 1485 4329 a
1509 4257 1695 4353 Propheta
1716 4261 1880 4351 graviter
1899 4261 2119 4354 increpabit

792 4369 899 4442 etque
912 4347 989 4458 ,9⁶¹
1005 4374 1156 4421 nonuno
1177 4349 1436 4446 denuntiatur,
1458 4355 1559 4462 quod
1579 4379 1707 4430 omnes
1730 4353 1794 4430 isti
1811 4351 1991 4434 thesauri
2009 4343 2126 4431 abital

789 4445 955 4540 Assyrus
977 4443 1208 4542 Babylonem
1236 4445 1492 4524 transferendi.
