4452 5462
437 501 704 596 'IlTULUS
736 505 883 596 CLXI.
932 503 1156 624 Superbia.
1282 544 1284 550 ¹
1382 442 1488 624 297¹

97 739 208 808 etiam
232 731 316 824 hic,
348 731 477 828 quiin
497 730 632 812 ultimo
660 728 767 802 Judeo
790 729 888 804 bello
911 743 1041 804 contra
1057 731 1280 806 Bacchidem
1307 749 1344 809 et
1363 735 1464 811 Alci-

97 855 201 902 mum
229 831 370 902 mortui
400 841 513 919 suut,
533 825 602 896 ubi
624 823 851 920 factumest
880 827 1050 922 prelium
1081 853 1103 898 a
1134 855 1243 901 mane
1267 851 1386 930 usquc
1417 834 1465 906 ad

95 948 311 1020 vesperam,
333 925 401 1000 ubi
424 923 535 996 etism
557 918 718 1014 dicitur,
744 919 845 1018 quod
871 923 895 992 J
897 921 988 996 udas
1018 923 1172 1021 cecidit,
1200 937 1238 998 et
1264 930 1388 1003 ceteri
1406 929 1465 1002 fu·

97 1031 242 1114 gemui
495 1107 813 1226 ,menius
864 1109 1033 1198 cnut.

654 1279 871 1398 Superbia.

96 1418 201 1547 Eva
221 1469 371 1571 propior
394 1476 599 1570 appetitum
629 1473 881 1566 excellentie,
908 1497 995 1546 cum
1022 1471 1187 1548 audisset
1220 1501 1242 1549 a
1264 1489 1434 1576 serpente
1454 1503 1463 1552 t
1482 1511 1549 1567 oen.
1563 1509 1590 1562 a.
1644 1497 1648 1506 ·

95 1570 211 1641 Eritis
230 1572 327 1642 sicut
348 1571 422 1658 dii,
450 1570 495 1642 de
516 1570 619 1664 ligno
644 1569 764 1642 vetito
785 1569 955 1642 comedit.
1420 1637 1421 1642 ,

142 1665 280 1734 Datum
309 1677 365 1733 est
398 1664 543 1734 homini
574 1657 785 1738 dominium
815 1664 861 1735 ad
892 1663 1162 1739 comedendum
1187 1691 1299 1766 super
1324 1672 1588 1768 piscesmen...
1632 1719 1647 1738 „

94 1779 182 1830 eves
204 1809 215 1846 ‚
237 1769 275 1830 et
295 1757 443 1830 bestias.
466 1757 559 1830 Gen.
583 1783 612 1828 1.
631 1756 889 1830 Dominamini
911 1760 1077 1854 piscibus
1101 1765 1238 1853 maris,
1269 1779 1305 1836 et
1329 1767 1466 1838 volati-

93 1849 195 2017 libslrs
219 1850 303 1922 coeli
330 1864 399 1922 etc.
420 1853 517 1923 Item
539 1863 660 1924 terror
669 1865 795 1925 vester
815 1866 853 1925 et
872 1865 1013 1927 tremor
1031 1855 1080 1926 sit
1104 1869 1217 1951 super
1233 1872 1369 1932 cuncta
1382 1862 1466 1934 aui-

96 1969 159 2017 rna
173 1948 210 2018 ia
243 1957 362 2018 terrae.

142 2042 324 2138 Superbia
356 2040 566 2116 volentium
595 2038 776 2112 sedificare
798 2042 936 2114 turrim
969 2067 1090 2138 usque
1117 2042 1166 2115 ad
1192 2044 1329 2119 coelum
1360 2047 1466 2121 dam·-
1482 2075 1550 2127 cen.
1565 2091 1605 2126 n.

93 2149 184 2210 nata
203 2135 278 2208 fuit
308 2163 375 2233 per
399 2135 659 2210 confusionem
680 2135 906 2230 linguarum.

143 2233 244 2332 Agar
254 2233 389 2306 ancilla
404 2233 502 2306 Sarae
514 2232 728 2326 concepisse
743 2253 781 2303 se
795 2231 929 2306 videns
939 2288 950 2325 ,
960 2233 1151 2308 dominam
1164 2261 1270 2310 suam
1282 2238 1462 2333 despexit.
1481 2262 1549 2314 oen.
1563 2261 1603 2312 re.
1618 2275 1620 2282 ·

144 2327 495 2424 Contra-gloriantes
507 2329 553 2402 de
564 2328 859 2425 primogenitura
870 2340 941 2422 est,
980 2329 1054 2402 uod
1063 2329 1156 2403 Cain
1167 2329 1241 2404 fuit
1252 2345 1364 2407 nctus
1377 2347 1464 2407 ante
1562 2387 1586 2428 4

94 2421 206 2520 Abel,
222 2427 322 2498 Esau
338 2439 425 2500 autc
445 2425 577 2517 Jacob,
604 2425 760 2496 Genesis
777 2423 829 2496 15.
847 2436 884 2498 ct
906 2356 1022 2498 sudas
1045 2425 1121 2498 fuit
1146 2427 1180 2518 4.
1200 2429 1347 2521 genitus
1365 2432 1466 2503 inter
1516 2459 1519 2466 ’

94 2517 193 2594 filios
215 2523 350 2615 lsrael,
370 2523 524 2597 Genesis
545 2549 565 2596 2
595 2577 602 2593 .
624 2533 661 2593 et
683 2523 871 2594 Manasses
887 2519 988 2595 filius
1007 2520 1145 2619 loseph
1157 2534 1268 2598 natus
1283 2522 1358 2598 fuit
1378 2537 1465 2598 ante

94 2615 299 2710 Ephraim,
326 2623 394 2716 qui
416 2632 542 2693 tamen
564 2547 700 2692 habuit
715 2615 1014 2692 benedictionem
1025 2619 1217 2710 deuteres,
1238 2619 1393 2694 Genesis
1406 2622 1463 2714 db

94 2711 142 2782 Et
166 2715 288 2789 David
311 2714 386 2789 suit
407 2718 587 2790 minimus
603 2717 704 2788 inter
719 2711 853 2788 fratres
876 2739 990 2806 suos,
1015 2743 1043 2787 1.
1063 2716 1206 2812 Regum
1227 2711 1279 2786 16.
1301 2718 1349 2789 Et
1364 2717 1466 2790 Ado-

94 2811 176 2882 nias
199 2821 312 2884 natus
329 2807 404 2887 fuit
426 2824 513 2885 ente
531 2812 785 2902 Salomonem,
803 2836 834 2882 2.
859 2811 944 2908 ch.
970 2809 1003 2882 3.
1031 2823 1068 2885 et
1088 2812 1141 2884 sic
1156 2811 1202 2884 dc
1222 2811 1353 2885 multis
1369 2813 1461 2886 aliis.

143 2904 264 2982 Nimis
287 2909 444 3006 superbe
462 2907 654 3005 respondit
672 2905 836 2996 Pharao,
868 2906 1020 3002 quando
1042 2907 1166 2981 dixit:
1184 2905 1318 2978 Nescio
1333 2909 1464 2981 Domi·
1478 2928 1564 2982 uxos.
1577 2927 1604 2982 5.

94 3019 213 3088 num,
236 3015 273 3072 et
295 3005 409 3075 lsrael
426 3003 727 3078 nondimirtam.
1201 3015 1203 3022 '

146 3091 309 3162 Rebellio
328 3091 421 3164 Gore
438 3103 475 3162 et
495 3094 654 3162 aliorum
670 3093 769 3159 facte
786 3107 917 3163 contra
933 3102 1107 3186 Moysen,
1124 3120 1176 3163 cx
1193 3095 1367 3186 superbia
1382 3121 1465 3189 pro·
1481 3114 1561 3166 Num.
1575 3113 1616 3168 ι6.

97 3186 219 3259 cessit.
243 3179 339 3254 Nam
361 3183 460 3255 dixit
485 3181 560 3254 illis
579 3185 755 3276 Moyses:
779 3180 942 3254 Multum
964 3185 1152 3274 erigimini
1174 3184 1243 3256 filii
1263 3187 1367 3256 Levi.

144 3282 350 3356 Percussus
372 3274 589 3352 Abunelech
611 3297 633 3344 a
659 3270 815 3345 muliere
833 3275 985 3348 vocavit
1008 3279 1232 3370 armigerum
1263 3303 1398 3370 suum,
1428 3293 1465 3354 et
1480 3297 1605 3368 suares

98 3379 151 3451 ait
179 3381 213 3453 ei
237 3404 244 3448 :
267 3377 425 3448 Percute
446 3397 529 3465 me,
546 3395 595 3443 ne
621 3367 790 3459 dicatur,
814 3374 942 3464 quiae
961 3367 1117 3441 foemina
1132 3368 1352 3444 interfectus
1369 3397 1463 3446 sum.

146 3475 235 3548 saul
246 3471 352 3570 petiit
364 3497 386 3542 a
397 3468 581 3562 Samuele,
598 3477 643 3539 ut
657 3489 744 3537 cum
756 3487 879 3538 coram
892 3462 1100 3537 senioribus
1110 3465 1240 3560 populi
1252 3465 1463 3541 honoraret.
1484 3495 1506 3527 ι·
1518 3481 1581 3549 Reg-
1597 3485 1636 3536 15.

145 3569 323 3644 Graviter
346 3567 421 3646 fuit
439 3565 617 3663 punitum
639 3559 809 3634 elationis
834 3570 1045 3657 peccatum,
1072 3557 1224 3656 quando
1241 3559 1364 3634 David
1375 3559 1464 3634 fecit
1481 3573 1505 3616 ²·
1520 3572 1583 3638 Res·
1597 3573 1640 3640 ²4·

94 3665 291 3741 numerari
315 3662 496 3761 populum
520 3661 591 3734 sibi
614 3658 835 3752 subjectum.

78 3843 83 3854 ¹
146 3760 303 3854 Libido,
321 3783 434 3857 quarn
452 3755 587 3829 habuit
610 3754 631 3825 J
633 3752 805 3826 eroboam
829 3751 1226 3846 dominandi‚timens,
1243 3773 1291 3826 ne
1302 3751 1462 3848 populus
1480 3767 1578 3838 &Reg-
1595 3783 1636 3822 n.

97 3869 353 3932 reverteretur
386 3855 433 3930 ad
460 3851 657 3936 dominum
685 3847 830 3941 David,
859 3849 946 3922 iecit
970 3873 1055 3921 eum
1084 3848 1294 3943 excogitare
1320 3847 1462 3923 vitulos
1571 3866 1578 3877 “

97 3977 255 4047 aureos,
279 3979 372 4050 quos
399 3951 489 4024 fecit
518 3973 540 4019 a
565 3944 704 4044 populo
732 3943 907 4020 adorari:
936 3957 973 4019 et
1002 3943 1135 4020 meluit
1160 3969 1221 4017 cos
1246 3942 1415 4017 recedere
1438 3969 1461 4016 a

70 4049 178 4122 .Deo
204 4075 293 4140 suo,
315 4073 428 4144 quarn
450 4073 472 4116 a
489 4043 651 4117 Domino
673 4066 751 4114 suo.
1137 4131 1139 4136 ,

146 4147 237 4218 Post
263 4145 460 4220 victoriam
482 4141 674 4213 obtentam
695 4137 740 4209 de
758 4135 962 4234 Arphaxud
978 4159 1062 4233 rege
1079 4135 1291 4230 Medorum,
1315 4135 1459 4209 exalta-
1477 4127 1581 4187 sunu.
1597 4151 1620 4188 1·

99 4251 182 4315 tum
205 4252 261 4314 est
278 4264 435 4335 regnum
456 4231 800 4309 Nabuchodonosor
820 4235 917 4330 regis
939 4235 1200 4332 Assyriorum,
1228 4244 1265 4307 et
1289 4257 1353 4307 cor
1376 4234 1458 4330 ejus

101 4336 287 4412 clevatum
312 4344 378 4408 est.

146 4433 376 4534 Preeceperst
406 4425 749 4505 Nabuchodonosor
773 4425 990 4525 Holoferni‚
1017 4440 1062 4504 ut
1085 4451 1214 4502 omnes
1231 4429 1331 4504 neos
1351 4438 1460 4508 terres
1478 4429 1580 4484 suun.
1594 4429 1619 4483 ³·

1086 4525 1170 4626 Pr.
