4498 5462
420 355 684 500 rirutcs
720 315 830 448 arv.
861 297 985 450 uas
1017 353 1244 452 maroam.
1415 376 1494 486 195

156 666 159 674 .
197 581 303 671 Saul,
324 576 484 672 quadam
502 579 633 674 iniqua
648 578 793 652 invidia
811 590 957 671 motus,
972 592 1187 674 persecutus
1206 581 1329 654 fuerat
1350 582 1492 656 David:
1516 614 1675 686 saep-31.

150 673 296 748 tandem
308 673 465 766 arripuit
481 672 644 764 gladium
656 697 784 762 suum,
795 672 944 746 irruens
957 700 1183 769 supereum,
1196 689 1231 747 et
1243 688 1414 748 mortuus
1427 690 1492 750 est.

195 768 467 862 Primogenitus
479 767 600 842 David
612 769 792 862 oppressit
813 791 977 840 sororem
999 795 1105 840 suain
1126 761 1311 862 Thamar,
1330 784 1367 842 et
1382 771 1495 864 paulo
1513 799 1614 868 anag.
1632 801 1673 854 13.

147 873 228 956 post
258 863 400 934 occisus
435 873 516 952 est,
541 861 695 956 jubente
728 861 892 934 Absalon
921 858 1036 935 fratre
1064 889 1150 957 suo,
1173 873 1259 939 etun
1287 865 1494 938 comederet

148 979 231 1028 cum
258 981 312 1028 eo.

193 1047 365 1122 Libidine
386 1045 614 1119 dominandi¹
626 1047 787 1119 Absalon
802 1049 966 1122 multhm
982 1049 1116 1125 afflixit
1133 1063 1275 1148 patrem
1296 1079 1408 1126 suum
1419 1055 1495 1126 Da·
1512 1092 1538 1130 α.
1551 1073 1615 1146 aeg.
1632 1075 1672 1128 ιθ.

147 1143 233 1234 vid,
260 1144 323 1215 sed
354 1153 555 1234 antequam
579 1154 768 1214 assecutus
795 1154 892 1216 esset
911 1148 1171 1240 propositum,
1190 1171 1395 1246 suspensus
1420 1148 1495 1222 fuit

146 1239 245 1308 inter
264 1235 403 1306 coelum
428 1243 464 1303 et
485 1243 635 1315 terram.

194 1329 336 1400 Videas
352 1325 571 1422 Achitophel
583 1329 791 1422 ,quodnou
803 1329 934 1404 luisset
945 1345 1137 1428 acceptum
1149 1335 1347 1407 consilinm
1360 1363 1489 1431 suum,
1511 1374 1536 1411 α.
1555 1361 1619 1427 aeg.
1635 1375 1672 1428 ¹7·

146 1421 248 1583 Huod
264 1421 414 1492 dederat
432 1433 562 1494 contra
581 1423 726 1517 David,
753 1425 845 1496 abiit
868 1428 910 1498 in
937 1426 1092 1499 domum
1115 1454 1249 1522 suam,
1275 1442 1312 1501 et
1338 1457 1494 1529 suspen-

171 1519 207 1586 io
228 1514 379 1588 interiit.
756 1562 761 1570 x
1210 1575 1215 1586 .

191 1610 283 1680 Scba
305 1607 405 1680 lilius
428 1604 566 1680 Bochai
593 1609 795 1684 concitavit
812 1613 993 1708 populum
1010 1662 1013 1669 ·
1028 1629 1158 1689 contra
1180 1615 1327 1708 David,
1362 1630 1399 1691 et
1429 1623 1493 1694 fu·
1510 1656 1537 1694 2.
1549 1640 1612 1708 aeg.
1629 1651 1670 1689 πο.

142 1702 244 1792 giens
269 1703 311 1775 in
344 1701 497 1774 Abelem
531 1705 744 1795 civitatem,
782 1707 851 1779 ubi
881 1709 1037 1802 putabat
1066 1710 1205 1782 habere
1234 1711 1423 1807 refugium
1454 1730 1491 1789 et

143 1796 347 1886 auxilium,
373 1797 603 1892 decapitatus
628 1797 704 1871 fuit
729 1799 879 1872 ibidem.

72 1921 75 1928 ·
187 1891 429 1980 Adolescens,
451 1893 517 1983 qui
538 1891 638 1980 dixit
667 1919 705 1964 se
727 1894 814 1964 Saul
839 1897 1037 1991 occidisse,
1053 1889 1208 1994 jubente
1243 1897 1366 1974 David
1389 1900 1491 1973 occi·
1510 1931 1536 1966 2.
1554 1916 1617 1982 aeg.
1635 1931 1658 1965 ι.

140 2006 205 2054 sus
227 1995 304 2074 est,
333 2007 419 2053 cum
446 1984 603 2077 putabat
633 2010 808 2080 prospera
822 1992 1011 2060 nunciare.
1294 2019 1299 2030 ·

188 2077 314 2241 sllmsse
336 2075 468 2148 accidit
493 2075 640 2152 duobus
659 2078 888 2173 latronibus,
906 2085 973 2178 qui
992 2094 1104 2179 caput
1120 2085 1291 2158 Isbcseth
1309 2083 1380 2157 filii
1402 2079 1490 2154 Saul
1510 2113 1536 2152 α.
1555 2097 1619 2163 aeg·
1637 2094 1663 2160 t·

139 2182 211 2242 atn
237 2184 359 2242 erunt.
1582 2179 1585 2187 ’

189 2265 371 2352 Quamvis
384 2263 406 2334 J
407 2265 476 2335 cab
492 2265 624 2338 fuisset
635 2268 739 2339 miles
760 2279 935 2341 strenuus
948 2283 984 2342 et
994 2271 1132 2362 fidelis,
1147 2274 1237 2366 quia
1253 2283 1380 2340 tamen
1397 2269 1491 2340 occi-
1511 2277 1535 2330 ³·
1554 2279 1617 2344 aeg.
1638 2289 1663 2324 ²·

138 2357 195 2428 ait
214 2357 308 2432 duos
325 2360 427 2432 viros
446 2359 665 2452 proditorie,
682 2363 810 2456 jussus
833 2375 888 2433 est
905 2365 1022 2434 occidi
1044 2378 1220 2435 monente
1238 2363 1443 2454 Salomone.
1651 2363 1655 2370 ’

186 2452 281 2545 Rege
307 2451 420 2525 Israel
461 2453 596 2526 essimo
614 2456 728 2546 Hele,
756 2455 949 2530 rebellavit
964 2459 1113 2529 Zambri
1131 2470 1261 2530 contra
1285 2454 1492 2527 Dominum
1511 2476 1536 2531 ³.
1551 2478 1614 2544 aeg.
1631 2475 1670 2526 sc.

133 2561 273 2637 suum,
293 2560 329 2620 et
344 2479 478 2620 occidit
500 2573 608 2636 eum,
631 2549 698 2642 qui
721 2560 805 2644 post
823 2545 1055 2658 septemdies
1074 2554 1264 2644 ingressus
1276 2561 1332 2621 est
1346 2550 1492 2643 regium

133 2639 367 2731 thalamum,
391 2653 427 2712 et
443 2641 637 2714 succendit
664 2668 702 2714 se
722 2667 810 2714 cum
827 2667 907 2737 lpsa
929 2643 1048 2716 domo‘
1062 2647 1171 2738 regia.
1730 2711 1735 2720 .

185 2733 415 2806 Vulneratus
428 2737 473 2827 in,
493 2737 589 2806 bello
612 2735 742 2807 Achab
764 2748 937 2810 manuus
958 2748 1014 2808 est
1030 2738 1200 2833 vesperi,
1228 2748 1265 2809 et
1291 2735 1490 2808 linxerunt
1508 2758 1533 2808 3.
1546 2757 1610 2822 aeg.
1626 2769 1668 2808 π.
1724 2743 1726 2750 ’

133 2835 356 2925 sangiunem
374 2831 456 2925 ejus
483 2855 593 2901 canes
614 2828 657 2901 in
675 2828 805 2926 eodem
829 2829 932 2923 loco,
951 2833 993 2900 in
1047 2857 1094 2902 uo
1119 2832 1318 2902 linxerunt
1344 2831 1491 2923 sangui-

67 2920 72 2933 ’
127 2947 223 2999 nem
247 2923 423 3016 Naboth,
452 2926 520 3020 qui
539 2923 799 2998 dissimulante
818 2923 900 3018 ipso
921 2857 1072 3018 Achab,
1104 2949 1195 2997 cum
1215 2923 1374 2997 liberare
1401 2947 1489 2998 eum

129 3017 285 3089 deberet
310 3029 347 3088 et
360 3017 521 3111 posset,
549 3018 736 3110 lapidatus
764 3030 801 3088 et
814 3029 987 3091 mortuus
1011 3031 1077 3092 est.

68 3164 75 3179 .
184 3111 282 3179 Cum
309 3109 523 3177 ascenderet
547 3110 705 3179 Elisaeus
731 3112 775 3179 in
798 3112 990 3181 civitatem
1013 3112 1164 3204 Bethel,
1197 3111 1351 3204 quidam
1381 3114 1490 3204 pueri
1506 3121 1532 3190 t·
1555 3127 1619 3197 aeg.
1643 3137 1670 3172 a.

129 3197 233 3274 male
260 3195 396 3271 eruditi
415 3195 622 3269 illudebant
645 3201 702 3289 ei,
718 3200 927 3291 egressique
939 3213 1029 3268 sunt
1049 3203 1127 3273 duo
1142 3205 1243 3290 ursi,
1265 3216 1303 3273 et
1317 3201 1490 3274 dilacera·
1683 3197 1689 3210 ’

126 3305 277 3382 verunt
299 3318 350 3365 ex
368 3291 419 3362 eis
442 3290 688 3386 quadraginta
711 3291 806 3362 duos
832 3315 979 3386 pueros.

185 3389 297 3462 Unus
315 3386 361 3459 de
384 3385 553 3474 duobuS,
572 3385 645 3479 qui
660 3384 816 3455 aderant
833 3408 921 3454 cum
938 3391 1023 3477 rege
1041 3385 1175 3475 lsrael,
1195 3387 1320 3460 noluit
1342 3385 1490 3457 credere
1507 3402 1534 3470 4.
1551 3407 1614 3472 aeg.
1633 3427 1658 3476 7.

127 3484 262 3560 verbis
285 3481 433 3572 Elisaei,
467 3476 637 3550 futuram
671 3474 939 3548 abundantiam
965 3475 1224 3572 praedicentis,
1252 3482 1296 3551 in
1329 3479 1491 3550 crastino

127 3578 228 3652 verb
254 3573 489 3648 conculcavit
515 3597 604 3645 eum
637 3570 750 3644 turba
776 3566 1004 3662 hominum,
1038 3569 1085 3639 ad
1117 3570 1234 3665 spolia
1264 3593 1491 3641 concurren-

125 3671 257 3763 tium,
281 3682 318 3742 et
340 3665 513 3741 mortuus
535 3679 602 3738 est.
672 3701 674 3708 ·
1058 3711 1072 3725 ·
1115 3743 1116 3746 Ἴ

184 3763 360 3836 Benatlad
384 3789 454 3837 rex
479 3762 623 3860 Syriae,
642 3760 710 3857 qui
731 3757 851 3831 multa
868 3756 967 3830 mala
988 3757 1118 3832 intulit
1143 3755 1231 3830 filiis
1257 3755 1394 3850 Isra'el,
1416 3754 1490 3829 suit
1508 3762 1535 3832 l·
1551 3767 1614 3835 aeg.
1633 3765 1660 3819 ⁸·

123 3859 288 3934 demum
308 3859 355 3931 ab
378 3857 487 3932 asaal
512 3855 591 3928 filio
615 3855 820 3951 jugulatus.

185 3951 327 4030 Videns
350 3953 451 4036 Jehu
468 3949 617 4023 Jezabel
633 3950 810 4044 impiam,
834 3971 919 4044 quae
934 3947 1011 4022 fuit
1025 3955 1135 4020 causa
1150 3947 1354 4038 malorum,
1378 3945 1489 4040 jussit
1508 3959 1535 4028 t.
1555 3959 1618 4026 neg.
1636 3976 1662 4028 9.

123 4071 221 4122 eam
242 4048 465 4142 praecipitari
487 4046 688 4136 deorsum,
713 4053 751 4114 et
768 4041 842 4115 fuit
862 4045 917 4115 ita
951 4069 1134 4154 equorum
1158 4042 1311 4138 ungulis
1339 4039 1491 4112 concul-

123 4155 241 4233 cata,
272 4165 356 4236 quae
376 4141 464 4213 licet
488 4150 588 4234 esset,
604 4139 683 4210 filia
700 4161 816 4309 rppis,
835 4163 914 4216 non
931 4137 1006 4220 furt
1016 4137 1154 4213 tradita
1167 4138 1377 4237 sepulturae.
1393 4135 1489 4212 Tan-

119 4249 220 4334 ‚tum
248 4237 353 4326 enim
376 4236 538 4348 calvaria
556 4235 687 4337 capitis
758 4244 849 4340 erat,
1034 4329 1060 4400 B
1086 4326 1152 4399 bn

711 4317 756 4326 „.
