4502 5484
448 379 711 471 TITULUS
741 383 810 470 XI.
854 383 990 470 Amor
1018 385 1227 499 proprius.
1455 389 1507 468 15'

203 609 306 684 Vidit
322 606 524 697 sensatas,
547 607 638 701 quia
658 617 805 702 tempus
827 631 913 680 eum
933 609 1064 702 juvat,
1086 606 1189 680 misit
1211 607 1312 682 viros
1332 606 1501 700 Romam,
1524 640 1546 675 1.
1559 626 1707 684 nactas„
1762 611 1765 614 ’

154 719 317 782 statuere
347 715 383 776 et
404 726 585 776 renovare
613 727 698 780 cum
721 701 896 774 Romanis
927 704 1139 775 amicitiam.

179 802 401 896 Postquam
432 795 645 892 Alexander
673 799 855 892 percussit
883 799 1136 890 Demetn‘um,
1165 797 1268 869 misit
1297 795 1343 867 ad
1375 795 1502 869 Ptolo-
1522 815 1695 870 amento.

150 920 289 969 moeum
312 918 352 968 re
376 919 435 966 em
461 893 613 1060 AEgppti
642 892 806 987 legatos,
831 904 875 964 ut
901 905 1078 966 statueret
1101 893 1304 965 amicitiam
1330 891 1377 963 ad
1403 893 1502 965 invi-

151 1015 251 1082 cem,
282 1003 318 1064 et
340 919 444 1062 daret
468 989 502 1060 ei
537 987 641 1060 ibam
668 1013 774 1060 snam
800 989 842 1060 in
864 1013 1033 1060 uxorem.

198 1085 354 1182 Propter
370 1097 536 1160 ueterem
564 1083 787 1174 amicitiam,
823 1105 938 1180 quam
968 1082 1155 1156 habebant
1185 1082 1232 1176 ad
1258 1083 1501 1176 Eleazarum,
1518 1103 1679 1158 annno.

148 1180 303 1276 qnidam
331 1179 519 1252 adstantes
547 1176 755 1249 attulerunt
777 1204 926 1266 carnes,
948 1179 1085 1270 quibus
1101 1179 1204 1250 vesci
1222 1177 1322 1249 licite
1340 1191 1501 1271 poterat,

147 1285 193 1346 ut
219 1275 411 1345 simularet
429 1297 467 1342 se
484 1270 530 1341 de
546 1267 716 1342 sacrificii
733 1271 908 1342 carnibus
924 1269 1189 1363 manducasse,
1212 1283 1248 1342 et
1271 1272 1323 1341 sic
1344 1270 1501 1344 evadere

146 1379 272 1463 posset
296 1378 463 1440 mortem.
562 1408 565 1416 ·

196 1462 330 1559 Lysias
348 1461 560 1558 intelligens
575 1461 739 1534 invictos
759 1459 782 1531 J
784 1458 930 1550 odoros,
957 1458 1026 1530 Dei
1048 1459 1312 1555 omnipotentis
1328 1459 1502 1552 'auxilio,
1518 1489 1543 1524 α.
1555 1475 1642 1527 nach.
1656 1491 1707 1526 n..
1764 1529 1766 1534 ³

146 1557 249 1628 misit
269 1557 316 1630 ad
339 1582 423 1648 eos,
447 1558 692 1652 promisitque
709 1581 747 1628 se
762 1579 886 1650 regem
902 1553 1202 1648 compulsurum,
1225 1555 1386 1626 amicum
1408 1552 1500 1626 fien'.

126 1708 131 1720 .
194 1651 380 1728 Laudavit
402 1651 587 1724 Dominus
613 1650 784 1725 villicum
806 1649 1039 1744 iniquitatis,
1069 1650 1159 1744 quia
1175 1649 1379 1744 prudenter
1396 1647 1503 1722 fecis-
1519 1664 1585 1716 Luc.
1600 1664 1639 1716 16.

147 1756 223 1839 set,
253 1746 480 1844 acquirendo
495 1748 634 1819 amicos
658 1743 834 1820 debonis
857 1742 1035 1816 Domini:
1061 1741 1295 1815 Concludens
1316 1768 1384 1837 per
1407 1744 1503 1834 hoc,

145 1841 246 1934 quod
274 1841 394 1916 facere
412 1841 591 1916 debemus
608 1843 768 1934 amicos,
791 1842 859 1939 qui
878 1839 1212 1936 possint'recipere
1233 1864 1319 1930 nos,
1350 1837 1501 1934 quando

147 1959 216 2008 nos
236 1939 278 2010 in
301 1949 419 2012 morte
447 1937 602 2010 deficere
625 1938 819 2033 oportebit.
1489 1979 1495 1996 .

193 2030 304 2104 Ponit
334 2033 519 2105 Dominus
541 2033 756 2128 exemplum
773 2031 819 2104 de
840 2029 927 2121 illo,
951 2031 1017 2123 qui
1040 2028 1163 2102 media
1188 2041 1298 2102 nocte
1321 2028 1427 2105 vadit
1455 2027 1504 2125 ad
1517 2038 1580 2090 Luc·
1596 2053 1636 2092 ιι·
1754 2100 1756 2104 .

144 2125 329 2216 amicum,
359 2138 402 2194 ut
425 2138 525 2218 petat
544 2125 686 2221 aliquid
714 2127 761 2197 ab
783 2152 837 2198 eo.
1245 2197 1251 2200 .

193 2218 241 2280 In
261 2219 431 2303 passione
453 2220 632 2306 Domini,
659 2219 823 2292 Herodes
846 2232 883 2292 et
904 2218 1047 2290 Pilatus
1070 2217 1161 2290 facti
1187 2231 1275 2292 sunt
1298 2218 1418 2289 amici.
1518 2221 1583 2273 nn.
1599 2223 1655 2274 23·-

195 2303 390 2375 Commota
413 2302 564 2374 civitate
585 2310 734 2396 Epheso
749 2325 787 2374 et
816 2313 992 2394 confusa,
1011 2309 1165 2396 quidam
1191 2312 1236 2383 de
1249 2311 1345 2382 Asiae
1361 2313 1502 2404 princi·
1519 2331 1582 2383 Aca.
1597 2349 1651 2400 ¹92.-

142 2395 277 2491 pibus,
306 2395 373 2491 qui
404 2405 510 2465 erant
536 2396 647 2466 amici
669 2395 800 2486 Pauli,
832 2398 1019 2469 miserunt
1046 2398 1094 2480 ad
1116 2423 1204 2469 eum
1230 2415 1425 2492 rogantes,
1453 2429 1506 2468 ne

142 2515 182 2564 se
215 2488 319 2564 daret
344 2490 386 2563 in
404 2486 612 2562 theatrum..

563 2721 605 2806 T
624 2719 643 2803 l
665 2721 707 2804 T
726 2719 770 2802 U
790 2719 828 2804 L
847 2719 892 2802 U
917 2719 946 2802 S
1004 2717 1086 2804 ΧῙ.
1202 2837 1212 2854 ,

634 2932 773 3012 Amor
800 2929 1008 3040 proprius.

140 3085 369 3213 peccatum
395 3136 620 3234 Angelorum
648 3133 797 3209 anullo
823 3133 896 3206 alio
921 3131 1039 3205 traxit
1071 3134 1272 3228 originem,
1305 3158 1418 3230 quam
1452 3136 1499 3209 ab
1515 3163 1685 3222 annana:

141 3255 268 3306 amore
291 3230 451 3324 propriae
477 3231 718 3303 excellentiae.
889 3229 894 3236 ’
1551 3248 1591 3281 ¹·-

191 3327 308 3399 Primi
329 3336 505 3417 parentes
529 3326 576 3396 ob
613 3325 758 3398 nullam
791 3323 903 3396 aliam
938 3323 1120 3395 rationem
1155 3325 1375 3419 transgressi
1405 3337 1496 3398 sunt
1514 3340 1662 3402 cenas.

142 3418 363 3496 mandatum
381 3415 475 3504 Dei,
498 3442 610 3510 qnam
628 3419 717 3511 quia
739 3444 789 3490 ex
815 3443 939 3490 amore
956 3421 1105 3513 proprio
1127 3417 1346 3490 affectabant
1364 3419 1496 3490 simili-

140 3517 314 3590 tudinem
336 3533 421 3582 cum
445 3509 550 3599 Deo,
574 3521 611 3580 et
637 3510 827 3583 scientiam
852 3512 943 3584 boni
968 3525 1005 3583 et
1033 3511 1145 3582 mali..

165 3615 292 3682 isaac
321 3601 468 3676 amabat
497 3604 615 3695 Esau,
637 3627 716 3672 non
746 3603 846 3696 quod
877 3619 972 3674 esset
1023 3605 1290 3696 rirnogenitos,
1319 3603 1382 3675 vel
1411 3605 1493 3677 aliis
1510 3617 1705 3678 Gramma.

140 3705 250 3778 bonis
280 3697 521 3797 qualitatibus
554 3697 783 3788 instructus,
818 3693 883 3768 sed
908 3721 983 3792 quo
1044 3696 1381 3772 assentationibus
1409 3701 1493 3794 ejus

142 3809 365 3874 vesceretur.

192 3891 280 3966 Saul
308 3889 436 3984 dolet,
451 3914 490 3962 se
507 3913 696 3986 peccasse,
718 3907 796 3960 non
816 3885 864 3959 ob
885 3911 1048 3960 amorem
1068 3887 1134 3959 Dei
1147 3886 1244 3980 ,sed
1266 3887 1488 3965 obamorem
1512 3941 1534 3974 1,
1548 3917 1688 3998 Βηρώ-

139 3987 355 4156 plropn'um,
380 3984 480 4082 quod
496 4010 628 4080 nempe
646 3979 847 4080 perdiderit
862 3982 1043 4054 honorem
1059 4009 1169 4055 suum
1186 3983 1284 4078 apud
1296 3985 1486 4080 populum.
1541 3994 1584 4046 ³0·

177 4107 238 4156 mc
259 4093 362 4177 rogat
393 4081 627 4154 Samuelem:
652 4077 715 4150 sed
744 4103 847 4152 nunc
873 4077 1019 4154 honora
1045 4103 1114 4166 me,
1135 4103 1259 4154 coram
1279 4077 1506 4174 senioribus.

138 4175 270 4278 populi
300 4177 397 4273 mei,
425 4188 462 4276 et
486 4201 611 4252 coram
631 4173 768 4252 lsrael..
946 4195 952 4201 ’
1538 4173 1540 4178 ’
