4502 5484
1100 397 1104 406 ’
1214 395 1481 485 rI‘ITULUS
1512 395 1565 484 X.
1590 391 1806 485 Amicitia.

1276 644 1625 738 TITULUS
1668 631 1740 732 X(

1382 823 1595 911 Amicitia.

626 997 698 1048 '⁶²¹¹‘
718 1007 760 1064 ’θ’
824 949 1002 1089 Vocatis
1035 1011 1165 1092 multis
1199 1017 1404 1094 amicorum
1430 1015 1551 1090 turbis
1582 1013 1628 1088 ad
1660 1018 1904 1108 convivium,
1931 1009 2058 1090 Labeo
2086 1009 2174 1088 lecit

825 1109 1005 1204 nuptias,
1032 1122 1068 1185 et
1092 1110 1192 1187 dedit
1211 1113 1327 1186 filiam
1351 1137 1457 1184 suam
1484 1107 1619 1181 Rachel
1641 1114 1768 1206 nepoti
1796 1121 1863 1188 ¹suti
1889 1109 2012 1184 Jacob.

626 1199 712 1252 exod.
732 1199 773 1252 ³³·
870 1205 1109 1300 loquebatur
1125 1207 1309 1280 Dominus
1327 1205 1380 1278 ad
1407 1211 1566 1300 Moysen
1593 1202 1688 1274 facie
1706 1205 1753 1278 sd
1774 1207 1927 1302 faciem,
1958 1205 2055 1280 sicut
2082 1203 2173 1278 solet

821 1295 936 1370 homo
962 1300 1008 1372 ad
1027 1302 1189 1375 amicum
1212 1326 1334 1380 suum.
1630 1384 1631 1387 Ἴ
1717 1391 1719 1394 ¹

626 1404 707 1456 nuth.
733 1423 755 1456 ι.
868 1391 1147 1468 Ruth'adhaesit
1164 1398 1286 1469 socmi
1309 1417 1384 1469 suae
1412 1393 1564 1484 Nadmi‚
1587 1405 1627 1465 ‘et
1649 1391 1749 1470 dixit
1771 1397 1826 1470 ei:
1844 1397 2079 1491 Quocunque
2090 1418 2174 1488 per-

821 1488 987 1578 rexeris,
1005 1517 1178 1585 pergam:
1200 1503 1236 1562 et
1259 1491 1327 1562 ubi
1341 1501 1483 1562 morata
1502 1485 1641 1582 fueris,
1662 1504 1699 1561 et
1722 1517 1742 1562 e
1766 1519 1788 1564 o
1807 1493 1945 1586 pariter
1965 1489 2145 1562 morabor.

579 1637 580 1642 η
626 1606 726 1673 cmg.
746 1606 785 1658 ta
870 1580 1005 1654 Anima
1027 1584 1198 1656 Jonathae
1219 1583 1388 1678 colligata
1404 1597 1461 1654 est
1480 1584 1613 1654 animae
1636 1517 1775 1678 David,
1804 1597 1840 1656 et
1856 1585 1989 1657 dilexit
2007 1609 2092 1656 eum
2112 1581 2174 1653 Jo—

820 1671 956 1745 nathas
973 1732 983 1769 ,
1000 1679 1107 1772 quasi
1119 1681 1282 1750 animam
1299 1703 1416 1750 suam.
1439 1677 1530 1750 Nam
1550 1677 1754 1772 expoliavit
1769 1705 1807 1752 se
1825 1680 1848 1752 J
1849 1679 2006 1752 onathas
2026 1679 2172 1768 tunica,

823 1792 898 1860 qua
927 1783 1005 1843 erat
1032 1769 1212 1863 indutus,
1237 1785 1273 1846 et
1297 1771 1402 1844 dedit
1427 1797 1508 1844 eam
1526 1773 1659 1846 David.

626 1905 649 1939 ι.
665 1889 728 1956 aeg.
746 1888 788 1941 32.
869 1863 1024 1958 Signum
1049 1866 1123 1941 suit
1157 1867 1275 1962 fidelis
1299 1867 1487 1960 amicitiae,
1516 1865 1603 1940 licet
1624 1867 1862 1961 indiscretae,
1887 1868 1987 1965 quod
2014 1869 2171 1963 armiger

820 1956 931 2049 Saul,
955 1963 1088 2037 videns
1107 1963 1303 2037 dominum
1327 1989 1439 2037 suum
1458 1975 1674 2056 mortuum,
1702 1975 1874 2036 mortuus
1898 1973 1953 2034 est
1981 1987 2066 2034 cum
2093 1989 2145 2036 eo.

621 2091 645 2126 η.
660 2077 720 2144 aeg.
741 2077 765 2128 3.
869 2057 970 2129 Misit
995 2060 1121 2132 Abner
1138 2058 1184 2132 ud
1204 2059 1326 2134 David
1350 2059 1476 2132 dicens
1504 2085 1511 2130 :
1535 2059 1565 2130 F
1566 2081 1608 2128 ac
1631 2083 1780 2132 mecum
1809 2057 2012 2148 amicitias,
2036 2069 2073 2127 et
2101 2059 2172 2129 erit

581 2237 583 2244 s
663 2219 668 2230 ,
818 2173 952 2224 manus
975 2181 1057 2228 mea
1076 2167 1200 2229 tecum
1216 2166 1255 2226 et
1276 2153 1452 2227 reducam
1474 2154 1520 2226 ad
1540 2164 1577 2226 te
1595 2156 1818 2227 universum
1841 2151 1964 2236 lsrael.

618 2297 643 2334 ,ι
660 2285 722 2352 fleg·
736 2285 762 2336 3·
865 2246 1004 2324 Chusai
1026 2251 1218 2324 Arachites
1241 2253 1382 2316 amicus
1409 2243 1557 2332 David,
1591 2243 1698 2310 Venit
1724 2238 1772 2308 ad
1793 2237 1968 2309 Absalom
1995 2255 2030 2310 et
2060 2243 2176 2310 (lissi-

813 2345 918 2438 pavit
939 2343 1137 2415 consilium
1159 2335 1392 2430 Aelritophel.

621 2484 646 2518 a.
661 2467 718 2520 pn.
734 2485 777 2534 ¹9·
861 2437 1050 2525 Propheta
1071 2435 1171 2501 Jelm
1197 2431 1297 2499 dixit
1319 2419 1497 2518 Josaphat
1515 2449 1555 2496 re
1582 2425 1590 2439 “
1618 2424 1738 2517 luda,
1769 2425 1835 2521 qui
1858 2425 1992 2498 inierat
2018 2423 2174 2521 soe‘dus,

816 2538 852 2597 et
883 2537 1039 2598 venerat
1069 2521 1116 2591 ad
1142 2519 1313 2614 praelium
1340 2543 1426 2589 cum
1452 2518 1555 2590 Acha
1609 2545 1693 2616 rege
1715 2521 1830 2594 Isratil
1854 2546 1860 2591 :
1883 2522 2003 2615 Impio
2024 2520 2170 2617 praebes

816 2619 1019 2707 auxilium,
1054 2614 1172 2688 ethis
1198 2615 1265 2708 qui
1287 2612 1447 2686 oderunt
1475 2615 1680 2690 Dominum
1713 2617 1876 2689 amicitia
1904 2617 2081 2715 jungeris.
2117 2617 2170 2688 Et

811 2711 953 2785 idcirco
974 2711 1070 2784 iram
1083 2709 1237 2782 Domini
1255 2707 1465 2781 merebaris.

619 2840 693 2894 mh,
717 2839 745 2894 ς,
862 2810 984 2880 Aman
1017 2807 1199 2903 superbus
1238 2803 1459 2876 convocavit
1490 2803 1536 2877 ad
1565 2830 1603 2876 se
1633 2808 1797 2900 amicos,
1825 2818 1862 2880 et
1888 2807 2063 2902 exposuit
2091 2805 2164 2878 illis

814 2901 1111 2998 magnitudinem
1131 2898 1347 2974 divitiarum
1364 2924 1517 2972 suarum
1538 2912 1575 2972 et
1595 2900 1759 2975 filiorum
1775 2903 1945 2993 turbam,
1970 2912 2008 2973 et
2023 2913 2166 2998 quanta

814 3022 903 3068 eum
921 2997 1036 3092 gloria
1059 3005 1169 3092 super
1199 3020 1327 3067 omnes
1375 2995 1534 3089 rincipes
1557 3022 1628 3069 rex
1645 2998 1835 3071 elevasset.
1946 3055 1948 3063 s

618 3123 682 3173 soa,
704 3137 728 3171 2.
754 3127 807 3172 et.
863 3093 1066 3165 Audientes
1087 3104 1163 3164 tres
1196 3089 1306 3163 amici
1336 3018 1406 3161 Jldb
1433 3115 1542 3162 omne
1573 3091 1741 3184 malum,
1769 3090 1870 3186 quod
1896 3087 2087 3164 accidisset
2112 3093 2160 3182 ei,

649 3187 716 3257 Cn>-
735 3189 782 3276 ⁶p
814 3200 1004 3262 venerunt
1034 3187 1171 3282 singuli
1190 3184 1335 3258 deloco
1364 3209 1453 3277 suo,
1473 3197 1517 3258 ut
1538 3187 1735 3260 visitarent
1762 3211 1848 3258 eum
1871 3199 1907 3258 et
1930 3184 2184 3258 consolarem·

812 3294 886 3356 tur.
914 3285 968 3358 De
995 3281 1056 3356 his
1085 3295 1212 3354 tamen
1244 3279 1343 3354 dixit
1375 3293 1503 3374 postea
1530 3307 1537 3350 :
1561 3282 1782 3374 subvertere
1811 3281 1977 3354 nitimini
1998 3281 2163 3352 amicum

538 3461 544 3472 ,
811 3392 992 3452 vestrum.
1099 3467 1102 3472 ¹

615 3515 638 3550 ι.
655 3499 740 3552 nach.
766 3517 791 3570 7·
859 3475 1025 3548 Alcimus
1051 3473 1220 3570 proditor
1238 3486 1274 3544 et
1293 3473 1452 3566 impius,
1474 3473 1675 3545 concitavit
1699 3495 1819 3566 regem
1838 3472 2068 3544 Demetrium
2090 3465 2161 3538 ad-

808 3595 942 3644 versus
973 3571 994 3640 J
997 3567 1108 3641 udam
1127 3565 1398 3657 Machabaeum,
1414 3577 1580 3662 proquo
1598 3566 1697 3640 dixit
1719 3569 1753 3639 ei
1777 3591 1783 3635 :
1803 3565 1969 3638 Perdidit
1990 3563 2010 3635 J
2014 3560 2104 3635 udas
2122 3573 2162 3635 et

809 3662 943 3736 fratres
970 3665 1051 3754 ejus
1074 3665 1211 3734 amieos
1234 3675 1329 3734 tuos.

614 3809 637 3841 ¹,
651 3791 738 3842 nach.
750 3808 790 3843 ω,
857 3759 938 3829 Rex
954 3755 1165 3827 Alexander
1176 3758 1277 3828 misit
1289 3754 1480 3852 epistolam
1492 3755 1957 3852 Jonathae,nunciavitque
1969 3755 2003 3827 ei
2014 3751 2158 3825 dicens:

810 3850 995 3959 Audimus
1022 3851 1068 3921 ‹le
1093 3861 1157 3942 te,
1180 3851 1280 3945 quod
1309 3851 1359 3922 sis
1380 3852 1442 3925 vir
1474 3863 1605 3948 potens
1636 3854 1781 3926 viribus
1809 3863 1845 3924 et
1871 3864 2003 3948 aptus,
2034 3860 2077 3921 ut
2107 3847 2160 3922 sis

711 3991 715 3996 -
809 3966 953 4016 amicus
977 3956 1112 4018 noster.

608 4081 732 4138 cunct.
746 4097 785 4136 Η,
858 4039 1008 4134 Accepit
1030 4037 1210 4112 Jonathas
1233 4052 1423 4113 autumet
1443 4054 1716 4135 a1·gentum,·et
1738 4043 1809 4114 alia
1834 4041 1947 4116 xenia
1967 4039 2100 4134 multa,
2121 4051 2161 4112 ot

810 4129 911 4204 dedit
929 4135 1134 4243 Demetrio,
1157 4147 1194 4206 et
1210 4134 1366 4243 'invenit
1396 4139 1551 4234 gratiam
1583 4137 1624 4214 in
1655 4151 1853 4235 conspectu
1878 4140 1977 4238 ejus,
2007 4144 2044 4207 et
2066 4131 2161 4207 lecit

805 4252 896 4318 eum
917 4253 1124 4328 principem
1146 4251 1362 4330 amicorumg
