4498 5462
328 401 333 412 .
370 251 639 412 TITULUs
674 287 853 454 LXXV.
894 261 1084 414 intent-io
1119 349 1248 418 recta.
1396 255 1473 444 rdp

135 463 284 486 *-

125 553 296 642 recessit,
336 549 510 626 videlicet
539 551 644 624 Adad
671 549 903 648 Idumaeam,
934 555 1057 628 Rason
1088 554 1211 629 filium
1233 549 1405 651 Heliada,
1439 567 1477 629 et

120 647 320 720 *Jeroboam
350 669 501 723 servum
524 673 647 721 suum.

168 741 292 814 Eliam
316 741 536 907 prophetam
569 757 765 840 persecuta
787 758 843 820 est
866 748 982 844 impia
1014 745 1163 822 lezabel
1191 771 1292 822 uxor
1325 744 1478 842 Achab,
1498 773 1598 844 serg.
1616 790 1655 843 ις)

117 849 273 935 propter
291 863 383 934 prop
413 849 491 910 etas
512 839 628 930 Baal,
654 866 748 934 quos
765 841 904 914 fecerat
926 844 1054 916 occidi.

170 931 266 1004 Cum
283 933 385 1006 Elias
401 943 571 1028 argueret
589 929 717 1005 Achab
731 961 800 1030 pro
817 936 949 1031 iniqua
964 949 1083 1012 morte
1098 937 1263 1028 Naboth‚
1282 940 1334 1011 ait
1350 936 1478 1010 Achab
1499 966 1524 1018 3.
1537 963 1601 1033 neg.
1614 978 1656 1014 αι,
1691 959 1695 967 “

117 1025 163 1100 ad
193 1027 315 1099 Etiam
336 1053 343 1095 :
371 1053 467 1099 num
481 1027 664 1101 invenisti
682 1053 741 1100 me
756 1029 954 1102 inimicum
970 1035 1040 1104 tibi
1056 1027 1076 1100 'l
1097 1033 1163 1126 qui
1182 1033 1282 1104 dixit
1302 1058 1310 1100 :
1334 1032 1480 1102 Inveni.

164 1122 282 1193 Dixit
301 1119 430 1192 Achab
450 1118 496 1191 ad
517 1120 696 1217 Josaphat
715 1145 840 1217 regem
865 1123 887 1192 J
891 1123 964 1194 uda
983 1152 991 1192 :
1015 1127 1206 1197 Remansit
1222 1127 1267 1198 de
1289 1121 1482 1221 prophetis
1501 1161 1526 1210 3,
1540 1161 1602 1225 neg.
1616 1167 1658 1204 aa

113 1216 280 1292 Domini
302 1214 477 1306 Michaeas
505 1214 606 1288 filius
627 1217 769 1308 Jerala,
792 1215 857 1289 sed
884 1241 950 1312 ego
970 1218 1034 1291 odi
1050 1244 1159 1315 eum,
1180 1223 1270 1315 quia
1295 1243 1374 1292 non
1401 1235 1484 1314 pro·

116 1312 256 1410 phetat
275 1308 371 1382 milri
391 1310 555 1402 bonum,
585 1311 649 1384 sed
673 1312 826 1386 malum.

169 1403 385 1478 Audierunt
401 1404 526 1478 hostes
542 1406 566 1477 J
568 1405 650 1480 udae
666 1420 704 1480 et
722 1408 936 1504 Benjamin,
957 1411 1047 1504 quia
1064 1408 1134 1482 filii
1156 1410 1385 1505 captivitatis
1399 1406 1485 1478 sedi·
1505 1452 1528 1485 ι.
1538 1430 1600 1484 aad.
1613 1429 1639 1496 4.

118 1501 335 1609 ficaverunt
355 1500 539 1596 templum
568 1503 731 1576 Domino
752 1503 831 1574 Deo
854 1504 990 1598 Israel,
1017 1516 1054 1576 et
1075 1503 1282 1577 noluerunt
1301 1501 1484 1576 aedificare
1613 1577 1628 1604 ⁸

117 1621 212 1672 cum
239 1621 302 1666 ers.

166 1689 311 1785 Raguel
333 1699 371 1761 et
392 1691 502 1764 Arana
526 1716 628 1771 uxor
649 1693 732 1788 ejus
758 1691 1037 1766 benedixerunt
1057 1694 1286 1784 Dominum,
1314 1694 1404 1788 quia
1428 1691 1486 1763 fe-
1501 1710 1569 1762 ros.
1588 1709 1616 1754 a.

118 1796 225 1858 cerat
246 1809 336 1857 cum
357 1783 410 1856 eis
436 1787 730 1861 misericordiam
758 1813 892 1879 suam,
910 1800 950 1858 et
970 1786 1183 1860 excluserat
1208 1787 1255 1858 ab
1278 1789 1331 1858 eis
1353 1785 1486 1861 ‘inimi-

119 1904 214 1953 cum
236 1893 521 1974 persequentem
546 1906 619 1952 eos
1562 1933 1566 1940 -

171 1974 379 2067 Amputato
394 1976 512 2071 capite
530 1972 743 2047 Holofernis
759 1973 860 2047 dixit
875 1971 898 2042 J
899 1971 1029 2066 udith,
1046 1973 1259 2044 tacentibus
1276 1971 1485 2046 universis:
1505 1991 1608 2046 suctu.
1624 2005 1648 2040 ι,

118 2067 293 2138 Laudato
308 2069 513 2139 Dominum
532 2069 657 2140 Mum
677 2075 875 2162 nostrum,
895 2067 986 2162 quia
1007 2091 1086 2138 non
1107 2065 1274 2138 deseruit
1298 2074 1487 2160 sperantes

118 2163 165 2235 in
189 2184 260 2252 se,
284 2170 321 2231 et
342 2159 530 2231 interfecit
552 2161 596 2230 in
621 2184 739 2230 manu
765 2185 849 2230 mea
873 2161 1022 2227 hostem
1043 2161 1173 2252 populi
1196 2159 1276 2252 sui,
1294 2155 1488 2254 proferens

116 2267 242 2352 caput
267 2251 503 2349 Holofernis‚
527 2249 778 2326 ostendit'eis.
1036 2330 1038 2334 Α
1455 2303 1457 2316 .

170 2349 421 2444 Conquerens
434 2349 480 2420 de
490 2353 613 2422 Amen
625 2347 773 2442 superb·'
796 2345 892 2420 simo
906 2342 1045 2418 Esther
1054 2342 1156 2418 dixit
1167 2344 1329 2417 Assuero
1341 2365 1349 2411 ε
1361 2341 1488 2415 Hostis
1509 2363 1583 2417 mh.
1598 2373 1622 2430 7.

113 2458 159 2521 et
185 2445 370 2518 inimicus
395 2456 522 2518 noster
548 2441 732 2538 pessimus
756 2453 813 2513 est
830 2441 901 2511 iste
923 2442 1055 2512 Aman.

169 2543 232 2616 De
258 2539 281 2611 J
282 2539 356 2628 uda
378 2537 590 2612 Machabaeo
608 2535 746 2612 dicitur
766 2560 774 2605 :
798 2533 951 2630 Repulsi
969 2544 1060 2606 sunt
1081 2534 1226 2605 inimici
1242 2555 1320 2626 prae
1337 2534 1489 2624 timore,
1512 2581 1535 2614 1,
1549 2559 1637 2613 usae.
1653 2555 1680 2608 a.

112 2648 157 2712 et
182 2635 349 2744 operarii
381 2632 592 2732 iniquitatis
614 2630 829 2705 conturbati
858 2639 968 2722 sunt,
998 2640 1038 2700 et
1059 2628 1204 2701 directa
1233 2639 1290 2698 est
1320 2623 1420 2698 salua
1446 2627 1491 2696 in

113 2755 244 2808 manu
269 2755 361 2801 eus

167 2755 404 2900 Ptoloinaeus
424 2848 495 2898 rex
518 2821 671 2920 AEgypti
696 2819 821 2897 voluit
841 2817 928 2893 dolo
951 2819 1121 2892 obtinere
1146 2839 1306 2914 regnum
1327 2813 1494 2889 Alexan·
1509 2861 1530 2895 „
1543 2837 1632 2896 mci.
1648 2855 1688 2892 n.

111 2923 204 3014 dri,
235 2932 279 2992 et
309 2919 518 2994 manifestae
542 2917 652 2990 factm
677 2929 767 2990 sunt
786 2913 998 2988 inimicitiae
1020 2915 1114 3009 ejus.

170 3013 368 3104 Cognovit
383 3015 553 3102 Simeon,
570 3011 669 3106 quod
690 3007 879 3106 Tryphon
896 3031 985 3080 cum
1003 3005 1089 3078 dolo
1103 3003 1345 3100 loqueretur,
1360 3013 1492 3100 petens
1508 3048 1532 3084 1,
1545 3028 1634 3083 nach.
1648 3025 1689 3078 13»

113 3109 223 3181 duos
244 3101 347 3173 filios
364 3101 552 3194 Jonathae,
573 3115 610 3172 et
625 3115 779 3174 centum
793 3102 936 3171 talenta
953 3099 1116 3192 argenti,
1133 3101 1246 3192 jussit
1264 3111 1391 3165 tamon
1406 3097 1495 3162 clare

113 3207 336 3297 argentum
347 3205 384 3264 et
398 3221 551 3288 pueros,
568 3221 617 3266 ne
631 3194 869 3266 inimicitiam
879 3215 1055 3286 magnam
1072 3200 1236 3262 sumeret
1251 3185 1298 3256 ad
1314 3182 1497 3290 populum

113 3291 271 3382 lsrael,
293 3287 505 3359 dicentem:
527 3289 626 3377 Quia
641 3313 721 3359 non
738 3289 842 3358 misit
862 3295 1081 3380 argentum,
1106 3293 1302 3376 propterea
1327 3285 1448 3383 peritt-

172 3381 354 3462 Herodes
377 3393 415 3472 et
436 3380 597 3472 Pilatus,
618 3392 728 3452 antea
742 3381 910 3472 inimici,
925 3377 1016 3450 sacti
1036 3387 1128 3450 sunt
1144 3374 1255 3445 amici
1271 3373 1313 3442 in
1328 3388 1499 3465 passione
1515 3381 1579 3434 Lus
1595 3379 1638 3432 n·

116 3479 293 3559 Christi.

523 3579 856 3674 TITULUS
902 3577 1114 3668 LXXV.

654 3756 835 3842 intentio
877 3774 1001 3838 recta.

119 3893 322 4036 Occidit
349 3949 446 4022 Cain
467 3945 560 4021 Abel
580 3895 737 4020 fratrem
764 3968 897 4036 suum,
922 3937 1047 4016 David
1064 3933 1235 4028 Goliam,
1260 3931 1353 4008 Joab
1377 3931 1503 4004 Abner

120 4075 165 4140 et
190 4045 423 4138 Amasim,
445 4041 608 4116 Herodes
624 4042 781 4137 Antipas
797 4040 980 4111 loannem
992 4035 1214 4131 Baptistam‚
1230 4033 1390 4126 Agrippa
1400 4025 1422 4096 J
1424 4049 1504 4096 aco-

122 4161 242 4236 bum.
273 4143 418 4220 Penus
444 4151 569 4212 autem
592 4137 670 4210 solo
689 4133 1015 4210 verbo-Ananiam
1036 4143 1074 4204 et
1096 4126 1300 4226 Saplumm.
1327 4121 1397 4197 Sed
1419 4142 1503 4192 con·

126 4251 286 4336 siderea
316 4235 446 4318 vanas
471 4233 698 4312 intentiones
712 4244 751 4308 et
776 4251 916 4305 causas.
1048 4320 1072 4388 s

1094 4339 1115 4386 a
