4310 5472
275 323 280 332 ’
336 313 607 413 TITULUS
644 289 801 416 LXIV.
834 327 1137 447 Hospitalitas'?
1329 343 1413 425 ‘115'
1451 379 1453 384 ’

113 557 200 627 ‘Duo
218 577 323 626 senes
340 554 565 662 presbyteri,
581 557 647 720 (pui
665 567 822 630 mortem
845 549 1023 631 susannae
1038 557 1265 669 nequissime
1283 561 1416 656 cogita·
1431 580 1502 631 nan.
1522 577 1563 628 ι3.

68 655 172 741 bant,
196 651 363 760 convictr
382 673 451 813 per
468 649 586 720 Dame
602 676 679 742 em,
699 678 719 722 a
731 654 878 816 populo
888 663 986 764 'sunt
1008 657 1128 727 occisi.

116 744 262 817 Occidit
277 743 382 841 Tryp
411 763 461 815 on
476 743 498 811 J
500 743 665 816 onathan
680 758 714 816 et
757 773 825 819 uos
842 747 938 823 fihos
955 749 1037 844 ejus
1053 775 1060 818 :
1074 773 1159 822 oum
1179 765 1304 826 tamen
1318 776 1416 825 rece-
1434 781 1458 818 ι.
1472 759 1560 815 meh.
1571 755 1611 810 ιδ·

70 841 183 935 pisset
198 866 220 910 a
241 842 389 912 Simone
408 849 559 908 centum
581 838 719 909 talenta
739 845 880 935 argenti
896 869 965 939 pro
987 844 1205 919 liberatione
1227 843 1414 942 Jonathae,

72 946 109 1004 et
127 934 220 1006 duos
240 938 322 1030 ejus
342 931 438 1002 filios
464 956 533 1024 pro
555 932 756 1006 obsidibus.

119 1029 343 1100 Ptolomaeus
371 1024 470 1096 filius
498 1025 616 1096 Abobi
643 1024 730 1096 fecit
754 1031 971 1103 convivium
1001 1054 1147 1106 summo
1176 1027 1355 1103 sacerdoti
1381 1039 1418 1099 et
1437 1031 1559 1091 1.utet.
1573 1030 1613 1082 1⁶·

72 1121 220 1196 duobus
237 1121 438 1220 tiliiscjus,
454 1130 491 1188 et
511 1141 598 1190 curn
613 1119 788 1193 inebriati
803 1136 950 1215 essent,
967 1123 1173 1231 proditorie
1190 1120 1325 1193 occidit
1345 1143 1417 1189 eos.

465 1241 793 1360 rmutus
844 1277 1034 1361 LXIV.

599 1403 895 1514 Hospitalitas.
1093 1397 1097 1404 ¹

73 1523 197 1660 Nota
215 1587 261 1660 de
282 1574 488 1680 Abraham,
506 1611 620 1684 quam
644 1583 827 1682 celeriter,
850 1615 963 1685 quam
982 1587 1153 1662 laetanter
1174 1586 1321 1682 angelos
1336 1583 1426 1658 hos-
1443 1605 1510 1658 een.
1531 1597 1571 1650 ιὰ

71 1687 164 1780 pitio
193 1687 389 1780 receperit,
419 1695 455 1756 et
485 1687 575 1779 ipsis
604 1710 676 1778 ea,
706 1709 792 1782 quae
820 1685 1049 1758 videbantur
1075 1684 1297 1774 neccssaria,
1321 1707 1427 1778 pere-

76 1779 194 1873 grinis
212 1779 334 1872 parari
356 1779 454 1850 lecit.

127 1873 222 1941 Item
238 1870 284 1942 de
302 1873 399 1943 Loth
415 1872 563 1944 attende
579 1873 766 1968 quomodo
783 1875 931 1968 angelos
948 1901 1051 1966 suoS,
1066 1901 1160 1970 quos
1176 1874 1331 1969 putabat
1348 1897 1428 1944 esse
1444 1895 1512 1948 oen.
1530 1902 1571 1954 19.

77 1965 252 2036 homines
270 1977 525 2056 transeuntes,
543 1967 763 2058 honoravit,
784 1969 924 2038 obnixe
946 1970 1110 2060 rogavit,
1128 1981 1166 2038 et
1187 1969 1239 2036 eis
1262 1989 1430 2035 necessa-

76 2061 135 2132 ria
155 2059 316 2162 benigne
339 2059 495 2130 offerens
513 2060 667 2132 domum
696 2086 803 2133 suam
828 2071 959 2132 contra
981 2061 1216 2133 incursantes
1246 2055 1429 2150 defendit,

78 2163 125 2221 ut
157 2159 290 2241 potuit.

131 2244 310 2333 Prompta
328 2239 376 2310 ad
391 2239 681 2334 hospitalitatem
701 2239 901 2312 videbatur
916 2243 1094 2330 Rebecca,
1106 2267 1191 2332 quae
1210 2245 1309 2310 dixit
1324 2269 1432 2313 servo
1450 2268 1508 2318 een
1527 2260 1569 2326 nt.
1616 2291 1621 2296 =

78 2332 266 2408 abrahe:
284 2333 480 2403 Palearum
496 2347 532 2403 et
548 2335 643 2404 foeni
653 2333 862 2428 ¹plurimum
877 2345 932 2404 est
946 2332 1045 2428 apud
1063 2357 1147 2422 nos,
1170 2345 1207 2402 et
1226 2333 1328 2402 locus
1350 2357 1436 2425 spa-

80 2435 204 2503 tiosus
222 2425 268 2497 ad
290 2424 528 2498 manendum.
552 2429 601 2498 Et
616 2428 727 2519 paulo
749 2437 832 2519 post
850 2425 949 2497 dixit
974 2419 1095 2498 eidem
1116 2425 1267 2496 Laban:
1287 2425 1436 2519 Praepa-

81 2525 169 2597 ravi
186 2520 356 2610 domum,
378 2532 414 2590 et
435 2518 559 2591 locum
583 2519 742 2590 camelis.

132 2617 221 2686 Sine
238 2639 373 2708 magna
394 2637 501 2707 prece
518 2612 650 2684 tethro
662 2614 805 2708 ¹recepit
827 2611 1064 2707 peregrinum
1082 2615 1238 2709 Moysen
1261 2611 1434 2704 hospitio.
1453 2633 1538 2692 Exod-
1558 2647 1583 2683 η.

83 2707 328 2876 polimitum
344 2719 469 2780 autem
491 2707 569 2780 filia
584 2709 665 2802 ejus
680 2721 717 2780 et
733 2721 885 2802 nepotes
901 2708 962 2779 sui
977 2705 1132 2779 suerunt
1149 2731 1216 2803 per
1232 2704 1339 2778 illum
1358 2729 1438 2776 ma·
1474 2777 1477 2786 f

140 2805 146 2818 “
179 2823 219 2874 ce
270 2803 424 2875 onorati.

86 2831 311 2970 gnTestatur
333 2903 483 2994 Moyses
502 2897 655 2970 dicens:
676 2897 859 2970 Dominus
882 2899 984 2968 Deus
1006 2909 1134 2970 noster
1156 2907 1256 2968 amat
1279 2896 1440 2990 peregri-
1457 2915 1536 2964 neue.
1559 2922 1598 2958 ιο.

88 3015 203 3078 num,
218 3005 255 3062 et
270 2991 334 3061 dat
349 2995 384 3061 ei
397 2993 543 3074 victum
563 3003 599 3062 et
615 2994 810 3082 vestitum,
828 3005 866 3064 et
892 3018 962 3065 vos
981 3017 1131 3087 quoque
1147 3003 1268 3063 aniate
1283 2989 1441 3085 peregri-

90 3109 180 3167 nos,
198 3083 287 3172 quia
310 3094 346 3150 et
363 3083 435 3172 ipsi
456 3083 581 3153 fuistis
604 3083 766 3154 advenae.
1374 3131 1382 3142 ·

143 3173 424 3264 Exploratores,
446 3199 539 3264 quos
559 3177 659 3245 misit
675 3177 804 3265 losuc,
828 3178 968 3270 accepit
988 3174 1153 3270 hospitio
1173 3174 1301 3246 Rahab
1323 3198 1443 3244 mere-
1460 3198 1536 3246 tosus
1557 3204 1586 3256 a,

95 3269 177 3341 trix
201 3263 417 3352 liberaliter,
440 3276 476 3332 et
498 3267 700 3336 custodivit
721 3268 889 3339 fideliter.

146 3365 190 3432 In
215 3358 339 3428 Gabaa
353 3357 568 3449 Benjamin,
584 3382 660 3425 non
679 3359 826 3430 invenit
839 3363 963 3431 locum
984 3363 1151 3448 Levites,
1169 3361 1236 3452 qui
1254 3382 1341 3428 eum
1360 3355 1445 3424 hos-
1461 3376 1547 3428 tutte.
1568 3389 1610 3439 ¹9·

100 3455 194 3552 pitio
216 3453 410 3544 reciperet,
433 3448 506 3517 nisi
527 3448 724 3554 quemdam
747 3475 872 3520 senem
895 3453 940 3520 de
962 3476 1070 3543 opere
1093 3453 1318 3524 venientem.

150 3545 252 3618 Elias
274 3542 470 3614 suscitavit
494 3539 614 3612 filium
640 3541 825 3629 mulieris,
844 3541 943 3634 apud
963 3567 1076 3635 quam
1099 3544 1386 3612 sustentabatur.
1465 3561 1565 3626 arieg.
1584 3573 1624 3626 ¹7·

106 3643 110 3650 ’
151 3636 288 3710 Mulier
322 3637 525 3708 sunamitis
560 3633 735 3706 Elisaeum
774 3645 1029 3706 transeuntem
1062 3635 1225 3730 hospitio
1269 3635 1446 3730 suscepit,
1465 3655 1490 3723 t.
1505 3657 1567 3722 aeg.
1582 3654 1609 3720 4.

104 3734 202 3808 hinc
229 3732 263 3802 ei
285 3729 403 3802 filium
430 3731 663 3823 impetravit,
685 3741 723 3799 et
749 3729 907 3800 eundem
933 3741 1124 3802 mortuum
1146 3728 1348 3801 suscitavit.

155 3827 282 3898 Bonus
304 3823 566 3919 hospitalarius
592 3835 671 3895 erat
690 3823 776 3912 Job,
799 3826 864 3919 qui
891 3823 1062 3896 dicebat:
1082 3823 1187 3896 Foris
1208 3848 1285 3895 non
1310 3825 1448 3896 mansit
1466 3843 1526 3894 sot.
1541 3841 1584 3890 ³1.

106 3921 343 4022 peregrinus,
365 3920 500 3990 ostium
525 3943 649 3991 meum
668 3919 804 3992 viatori
827 3921 957 4012 patuit.

161 4013 320 4102 Quando
348 4014 447 4084 misit
475 4012 643 4086 Salvator
673 4013 872 4108 discipulos
901 4015 947 4086 ad
978 4011 1269 4108 praedicandum,
1297 4013 1339 4085 in
1376 4011 1626 4084 illisionem.

108 4107 279 4200 seipsum
302 4107 414 4202 recipi
432 4109 606 4198 asseruit,
624 4119 661 4180 et
678 4107 799 4206 audiri
817 4133 824 4175 :
844 4109 920 4196 Qui
940 4135 1007 4184 vos
1029 4109 1159 4203 accipit
1177 4166 1188 4200 ,
1212 4134 1279 4210 me
1293 4110 1423 4205 recipit
1441 4119 1457 4178 ε’
1468 4087 1531 4144 ¹³²⁶·
1555 4100 1595 4138 ¹⁰¹

114 4203 186 4297 qui
206 4227 275 4280 vos
297 4203 421 4300 audit,
443 4227 503 4280 me
529 4201 643 4278 audit.
665 4201 741 4304 Qui
763 4209 834 4282 vos'
853 4207 1010 4302 spernit,
1032 4229 1092 4360 ppo
1119 4205 1270 4300 spernit,

918 4326 923 4341 ·
1054 4321 1098 4368 ,a
