4464 5464
311 386 577 484 TITULUS
609 391 818 484 CXLVII.
858 393 1032 514 Religio
1062 392 1316 479 Christiane.
1432 417 1509 500 277

167 517 1512 556 ww

808 637 863 724 R.

815 825 850 894 ³¹4
897 893 901 910 .

483 953 821 1060 TITULUS
878 969 1146 1058 CXLVII.

482 1180 488 1188 ·
602 1148 767 1262 Religio
809 1147 1065 1234 Christiana.

147 1285 405 1436 Religionem
418 1336 670 1412 Christianam
690 1337 948 1412 demonstrant
965 1363 1094 1410 omnes
1110 1335 1240 1431 figurae
1256 1351 1293 1412 et
1310 1335 1518 1436 prophetiae

148 1438 196 1511 ad
224 1435 403 1510 amussim
429 1433 591 1529 impletae
616 1438 659 1507 in
677 1461 837 1531 persona
859 1434 1000 1508 Christi
1018 1436 1090 1525 ,in
1117 1436 1198 1529 ejus
1215 1437 1348 1530 gestis,
1372 1435 1415 1506 in
1433 1434 1516 1528 ejus

150 1533 322 1630 passione
345 1540 382 1601 et
407 1541 547 1622 morte,
570 1531 613 1602 in
632 1529 792 1604 fundata
814 1531 860 1603 ab
888 1557 931 1603 eo
953 1529 1127 1602 Ecclesia.

194 1629 353 1718 Pugnae,
386 1649 480 1719 quas
502 1625 672 1698 inierunt
700 1626 878 1699 Israe'litae
901 1625 947 1697 ad
974 1624 1230 1720 occupandam
1259 1637 1399 1700 terram
1429 1649 1517 1720 pro-

143 1723 326 1810 missam,
360 1729 397 1790 et
422 1718 615 1813 victoriae,
649 1745 743 1814 quas
773 1747 814 1792 re
841 1723 1016 1794 ortdrunt
1041 1719 1087 1792 de
1114 1731 1169 1797 tot
1198 1721 1395 1814 gentibus,
1427 1729 1517 1790 sunt
1614 1753 1621 1764 ·

142 1816 268 1910 figura
287 1813 536 1887 certaminum
567 1826 698 1888 eontra
726 1747 1004 1910 idololatriam,
1038 1825 1075 1887 et
1101 1815 1348 1889 victoriarum
1374 1814 1517 1911 ubique

17 1975 22 1980 .
142 1922 333 1984 terrarum
363 1907 409 1980 de
430 1906 496 1978 illa
512 1920 797 2002 reportatamm.

192 2004 475 2077 Persecutiones
510 2014 641 2074 contra
673 2001 898 2098 prophetas,
926 2003 994 2097 qui
1025 2001 1139 2076 fidem
1172 2003 1450 2098 praedictarum,
1480 2015 1518 2078 et

142 2126 269 2176 mores
296 2098 464 2172 fidelium
493 2096 721 2172 studuerunt
743 2095 965 2191 reformare,
981 2097 1139 2171 fuerunt
1154 2097 1345 2194 prodromi
1367 2099 1519 2171 illenim

142 2197 473 2294 persecutionum,
502 2219 596 2290 quas
622 2196 701 2291 pati
724 2193 910 2266 debebant
931 2194 1100 2290 Apostoli
1129 2205 1167 2288 et
1190 2192 1394 2289 Apostolici
1420 2195 1520 2288 viri,

143 2318 233 2367 cum
260 2291 374 2365 fidem
396 2289 650 2366 Christianam
667 2316 734 2386 per
763 2289 892 2361 orbem
916 2289 1179 2385 propagdrunt.
1213 2305 1214 2308 ’

193 2387 306 2478 Quod
323 2386 495 2461 Christus
510 2385 705 2458 Fundator
720 2383 920 2478 Religionis
937 2384 1161 2456 Christianae
1175 2385 1223 2456 sit
1232 2408 1347 2456 verus
1364 2367 1517 2457 Messias
1536 2412 1562 2471 4.
1587 2403 1717 2476 Eiangar,
1829 2431 1837 2438 -

143 2510 167 2555 a
184 2485 266 2556 Deo
287 2485 443 2577 missus,
474 2483 548 2556 Dei
566 2481 708 2575 Filius,
734 2494 772 2554 et
795 2479 965 2554 Salvator
990 2479 1148 2571 mundi,
1175 2476 1370 2553 evidenter
1392 2491 1520 2552 osten*

142 2580 243 2654 dunt
266 2591 323 2653 tot
344 2579 526 2653 miracula
543 2579 589 2652 ab
609 2604 654 2652 eo
666 2589 834 2674 patrata,
855 2599 940 2674 quaa
963 2579 1076 2650 etiam
1096 2577 1143 2650 ab
1158 2577 1241 2672 ejus
1254 2572 1427 2650 hostibus
1439 2601 1518 2653 non

139 2687 353 2772 potuerunt
374 2677 415 2747 in
438 2676 598 2750 dubium
620 2677 759 2749 vocari.
882 2705 886 2714 ·

190 2776 374 2866 Magnum
394 2773 506 2846 etiam
524 2783 788 2867 argumentum
801 2771 971 2844 ventatis
985 2768 1186 2866 Religionis
1199 2767 1422 2854 Christianae
1439 2779 1518 2862 est,
1536 2795 1564 2864 4,
1590 2799 1719 2866 sanger.
1854 2835 1857 2842 .

139 2865 247 2968 quod
269 2865 386 2942 fuerit
398 2881 630 2978 propagata,
646 2879 683 2938 et
707 2861 957 2974 stabilita'per
972 2866 1194 2962 piscatores,
1212 2863 1378 2959 aliosque
1395 2864 1519 2938 homi·
1537 2873 1564 2916 εἴ
1590 2870 1651 2918 ²³0²·

138 2989 210 3038 nes
239 2963 375 3056 rudes,
394 2965 586 3060 1mperitos
603 2987 831 3060 ,pauperes,
854 2985 1041 3053 mermes,
1063 2963 1205 3055 ubique
1224 2969 1467 3054 contemptos.

187 3062 374 3145 Magnum
398 3059 489 3124 item
511 3071 568 3125 est
591 3071 882 3145 argumentum,
909 3055 1012 3148 quod
1037 3057 1137 3127 inter
1156 3066 1213 3125 tot
1244 3057 1520 3147 persecutiones
1634 3075 1641 3084 '

144 3171 229 3221 non
249 3157 400 3216 tantum
417 3169 497 3215 non
519 3145 718 3232 defecerit,
745 3145 811 3213 sed
832 3143 974 3214 mirum
992 3146 1033 3212 in
1060 3147 1215 3215 modum
1235 3157 1345 3214 aucta
1375 3173 1522 3240 semper

144 3241 276 3316 fuerit.
300 3236 420 3310 Nimis
443 3238 544 3308 enim
561 3259 675 3332 quam
693 3259 827 3309 verum
848 3233 945 3324 suit,
972 3235 1074 3329 quod
1100 3237 1122 3305 J
1126 3235 1223 3306 udtei
1238 3237 1364 3308 Romae
1387 3240 1520 3334 degan·
1650 3235 1656 3248 '
1709 3239 1713 3250 '

145 3353 205 3413 tes
235 3337 417 3410 dixerunt
445 3331 492 3404 ad
513 3330 703 3403 Paulum:
729 3329 775 3402 de
801 3340 899 3400 secta
927 3329 1000 3401 hac
1029 3342 1164 3403 notum
1191 3341 1247 3400 est
1277 3331 1409 3425 nobis,
1430 3337 1519 3430 quia
1535 3370 1597 3422 Ac„
1618 3375 1719 3427 g„
1846 3391 1847 3394 ,
1921 3371 1924 3384 ⁴

146 3435 293 3531 ubique
319 3431 355 3502 ei
376 3425 658 3518 contradicitur.

197 3526 367 3625 Apostoli
400 3524 532 3622 primis
566 3521 691 3596 statim
724 3520 969 3593 concionibus
1001 3533 1086 3617 post
1112 3531 1305 3616 acceptum
1338 3517 1518 3612 Spiritum
1536 3553 1603 3610 Aet..
1616 3571 1641 3607 2,
1655 3569 1681 3612 αἱ
1691 3562 1721 3630 4,

145 3627 331 3699 Sanctum
351 3630 621 3694 converterunt
650 3629 733 3690 octo
758 3616 876 3690 millia
896 3616 1106 3690 hominum.
1534 3627 1536 3632 ’

197 3721 235 3792 S.
261 3721 397 3792 Petrus
423 3742 494 3826 per
522 3717 657 3791 miram
679 3714 866 3788 visionem
889 3711 1064 3806 docetur,
1095 3709 1334 3811 quodetiam
1363 3709 1517 3807 gentiles
1534 3760 1596 3814 A„
1624 3776 1656 3815 ιο

145 3813 195 3888 ad
208 3815 321 3888 fidem
343 3813 597 3886 Christianam
615 3813 741 3888 vocati
763 3810 864 3903 sint,
881 3821 918 3882 et
940 3810 1105 3886 mittitur
1128 3809 1174 3881 ad
1191 3805 1407 3880 Cornelium
1424 3805 1515 3879 Cen·
1656 3795 1673 3820 i

143 3913 343 3986 'curionem
363 3911 601 4002 Romanum,
629 3919 674 3980 ut
697 3932 784 3980 eum
808 3930 895 3980 cum
919 3918 997 3980 tota
1020 3933 1088 3979 sua
1114 3905 1226 3978 domo
1249 3903 1421 3998 baptizet.

198 4008 254 4080 De
276 4006 406 4101 primis
428 4003 652 4078 Christianis
669 4003 832 4076 dicitur:
855 4005 973 4077 Erant
989 4013 1268 4100 perseverantes
1287 4000 1329 4073 'm
1351 3998 1522 4072 doctrina
1539 4002 1601 4057 Acr.
1624 4023 1651 4114 p
1674 4007 1724 4076 ta

150 4101 442 4199 Apostolorum,
475 4109 513 4172 et
547 4101 884 4174 communicatione
906 4098 1099 4173 fractionis
1124 4097 1249 4198 panis,
1277 4105 1314 4167 et
1341 4097 1523 4168 orationi·
1606 4073 1653 4144 4⁴³

148 4197 407 4308 bus30mnes
436 4197 548 4306 etiam
561 4251 574 4296 ,Ι
603 4197 671 4294 qui
700 4195 927 4298 credebaut,
951 4205 1058 4276 erant
1079 4196 1236 4298 pariter,
1267 4203 1313 4274 et,
1331 4189 1527 4276 habebant

69 4373 74 4380 ,
152 4319 286 4372 omma
311 4315 539 4385 communia.
