4498 5462
805 452 882 554 144
1082 425 1345 530 MTULUS
1385 433 1618 526 Lxxvtn.
1657 431 1722 521 tra
1751 433 1853 562 Dei.

800 685 865 745 tur
880 697 991 768 poena
1008 686 1175 768 peccato,
1194 671 1367 766 cogitatio
1383 669 1475 741 verb
1498 669 1580 762 ejus
1598 679 1634 737 et
1651 665 1866 831 recogitatio
1884 667 2145 743 mutandarum

800 793 927 841 rerum
943 781 998 842 est
1014 763 1385 842 immutabitis'ratio.
1410 761 1537 857 Neque
1553 761 1671 852 enim,
1695 761 1740 854 vi
1763 759 1889 851 elicet,
1910 762 2017 834 sicut
2037 764 2145 836 homi-

800 885 888 936 nem
914 865 1075 954 iratum,
1095 864 1149 935 ita
1165 865 1286 935 Deum
1310 859 1399 930 facti
1423 863 1482 929 sui
1502 858 1682 952 poenitet,
1700 857 1808 952 cujus
1830 869 1887 928 est
1910 855 1958 928 de
1984 863 2142 932 ommbus
2172 927 2173 930 ,

801 949 956 1030 omninb
976 959 1087 1030 rebus
1111 973 1186 1030 tam
1206 957 1283 1028 fixa
1304 954 1502 1043 sententia,
1521 976 1634 1046 quam
1650 963 1750 1023 certa
1771 953 2025 1044 praescientia.
2043 955 2104 1026 Sed
2120 957 2143 1025 si

801 1076 879 1121 non
898 1046 1029 1123 utatur
1039 1056 1222 1148 scriptura
1236 1049 1373 1122 talibus
1387 1048 1530 1137 verbis,
1546 1071 1624 1118 non
1647 1071 1685 1117 se
1702 1043 1986 1140 quodammodo
2005 1047 2143 1122 semilia-

799 1145 880 1218 ritis
896 1145 1063 1218 insinuat
1080 1145 1323 1241 omnigeneri
1341 1141 1540 1214 hominum
1552 1141 1708 1236 ,quibus
1719 1139 1805 1212 vult
1820 1164 1900 1212 esse
1919 1143 2138 1234 consultum,
2172 1157 2173 1244 y

800 1254 844 1313 ut
867 1251 903 1314 et
925 1253 1126 1336 perterreat
1149 1241 1421 1337 superbientes,
1444 1248 1481 1309 et
1496 1237 1635 1308 excitet
1657 1234 1903 1330 negligentes,
1922 1251 1961 1308 et
1989 1253 2139 1311 exerceat

802 1348 1029 1431 quaerentes,
1046 1349 1082 1410 et
1101 1339 1175 1409 alat
1192 1335 1457 1428 intelligentes,
1474 1331 1574 1428 quod
1586 1353 1663 1402 non
1674 1329 1834 1420 faceret,
1853 1331 1885 1402 si
1902 1357 1981 1407 non
1998 1360 2036 1405 se
2051 1337 2137 1428 priiu

802 1429 1018 1521 inclinares,
1039 1445 1075 1503 et
1095 1431 1256 1528 quodam
1279 1427 1389 1500 modo
1415 1425 1652 1500 descenderet
1671 1423 1714 1495 ad
1734 1424 1907 1588 {scentes

603 1543 687 1595 asoa.
706 1541 732 1610 4.
851 1526 960 1616 Quod
977 1531 1125 1624 Moyses
1145 1527 1323 1598 ducatum
1339 1523 1467 1619 populi
1489 1522 1668 1630 recipere,
1690 1523 1733 1616 ju
1760 1531 1843 1591 ente
1858 1522 2028 1612 Domino,
2046 1524 2137 1596 mul·

707 1683 712 1690 .
802 1623 912 1694 toties
931 1621 1136 1713 recusavit,
1157 1625 1275 1694 iratus
1304 1630 1359 1690 est
1381 1618 1563 1689 Dominus
1590 1641 1631 1686 m
1653 1620 1819 1710 Moysen.

602 1730 688 1779 mea.
709 1728 749 1778 ιδ·
850 1717 1040 1789 Iratusest
1055 1718 1239 1788 Dominus
1256 1718 1294 1787 in
1306 1712 1513 1809 AEgyptios,
1531 1711 1597 1804 qui
1613 1710 1845 1782 detinuerunt
1864 1719 1899 1778 et
1919 1705 2136 1781 afflixerunt

801 1809 983 1904 populum
1000 1835 1129 1899 suum,
1146 1823 1182 1881 et
1199 1808 1349 1880 tandem
1365 1805 1568 1880 voluerunt
1587 1804 1760 1902 persequi
1783 1801 1996 1876 recedentes.
2019 1807 2132 1902 Sequi·

802 1914 867 1974 tur
891 1905 1061 1975 amisisti
1091 1905 1184 1974 iram
1213 1915 1328 1974 tuam.

601 2019 685 2074 aiod.
707 2017 749 2070 aa.
851 2002 997 2093 Moyses
1016 2000 1144 2070 orabat
1160 1998 1382 2089 Dominum,
1398 1994 1545 2068 dicens:
1564 1998 1655 2088 Cur,
1666 1997 1840 2086 Domine,
1853 1997 2028 2071 irascitur
2042 1998 2128 2070 fuer

802 2103 892 2166 tuns
915 2105 1045 2167 contra
1066 2095 1246 2189 populum
1272 2090 1412 2167 tuum?
1429 2091 1602 2164 videlicet
1624 2106 1773 2189 propter
1793 2091 1961 2165 vitulum
1987 2095 2125 2166 conflati-

796 2186 894 2278 'lem,
923 2191 984 2262 cui
1010 2190 1195 2286 obtulerat
1216 2189 1441 2262 holocausta.
1529 2247 1539 2268 .

597 2306 678 2362 num.
704 2319 745 2355 ιι.
847 2283 1034 2380 Flagravit
1061 2285 1220 2380 populus
1252 2283 1433 2357 desiderio
1460 2284 1652 2374 carnium,
1676 2282 1805 2356 sedens
1829 2298 1868 2357 et
1893 2283 1994 2358 fleus.
2017 2287 2122 2378 Sequi-

798 2392 865 2454 tur
888 2403 896 2451 t
929 2385 1048 2454 Iratus
1072 2392 1127 2453 est
1158 2381 1264 2454 furor
1285 2380 1437 2454 Domini
1459 2377 1577 2474 valde.

596 2493 677 2548 Num.
697 2494 737 2543 ts.
848 2477 1049 2548 Occasione
1072 2476 1263 2548 seditionis
1283 2476 1375 2547 Core
1395 2488 1431 2546 et
1448 2475 1668 2568 complicum
1686 2478 1785 2570 ejus,
1801 2474 1980 2548 dixerunt
1993 2477 2115 2570 Moyses

800 2582 836 2641 et
858 2573 983 2640 Aaron
1010 2571 1057 2640 ad
1086 2571 1312 2645 Dominum:
1333 2567 1534 2641 fortissime
1559 2571 1659 2641 Deus
1691 2572 1920 2668 spirituum,
1952 2597 2035 2645 num
2060 2593 2119 2642 uuo

798 2675 973 2756 peccante
995 2674 1125 2734 contra
1146 2687 1273 2734 omncs
1294 2665 1350 2734 ira
1372 2675 1438 2736 tua
1464 2663 1668 2738 desaeviet?

597 2773 709 2828 niuem.
849 2759 885 2826 M
890 2759 1100 2830 urmuravit
1122 2760 1243 2830 omnis
1256 2758 1459 2830 multitudo
1474 2759 1639 2831 filiorum
1655 2760 1767 2833 Israel
1785 2776 1913 2836 contra
1926 2763 2120 2844 Dominum,

797 2855 974 2946 Moysen,
1001 2866 1038 2923 et
1056 2854 1202 2942 Aaron,
1221 2851 1374 2924 dicens:
1398 2854 1474 2924 Vos
1503 2853 1741 2930 interfecistis
1770 2859 1943 2954 populum
1975 2855 2117 2927 Domini.

795 2945 997 3036 Sequitur:
1022 2950 1177 3039 Egressa
1199 2957 1254 3018 est
1276 2947 1332 3016 ira
1349 2969 1371 3014 a
1390 2947 1568 3038 Domino,
1591 2961 1628 3020 et
1646 2953 1751 3046 plaga
1780 2952 1926 3026 desevit.

594 3056 675 3108 Num.
698 3057 763 3110 aa·
844 3039 873 3109 F
875 3043 1063 3112 ornicatus
1093 3052 1148 3110 est
1171 3039 1330 3136 populns
1358 3063 1442 3114 cum
1469 3040 1616 3116 filiabus
1643 3048 1760 3119 Moab.
1789 3048 1951 3144 Sequitur
1976 3043 2118 3113 :iratus

791 3135 978 3203 Dominus
1002 3133 1100 3205 dixit
1124 3133 1170 3205 ad
1201 3141 1386 3232 Moysen:
1414 3136 1517 3209 Tolle
1545 3155 1700 3213 cunctos
1721 3142 1905 3240 principes
1928 3139 2071 3238 populi,
2093 3147 2122 3206 et

530 3305 534 3314 ¹
794 3225 978 3318 suspende
1013 3227 1106 3300 illos.

590 3335 672 3389 Num.
692 3351 734 3389 ιο.
836 3321 999 3430 'Propter
1021 3321 1291 3396 haesitationem
1315 3328 1361 3399 ad
1384 3353 1498 3424 aquas
1523 3331 1849 3425 contradictionis,
1868 3334 1980 3406 iratus
1996 3343 2046 3401 'est
2062 3329 2127 3397 Do

589 3437 670 3489 Dent.
698 3455 718 3488 t.
792 3441 919 3487 mmus
939 3430 1066 3490 contra
1093 3425 1269 3516 Moysen,
1288 3424 1383 3496 sicut
1406 3425 1483 3520 ipse
1503 3423 1611 3520 dicit,
1633 3430 1741 3500 Deut.
1770 3453 1798 3499 1.
1828 3429 1917 3502 Milu'
1940 3431 2048 3500 iratus
2074 3433 2127 3491 est

791 3512 973 3585 Dominus
1001 3514 1082 3610 (sc,
1103 3515 1252 3611 Moysi)
1281 3533 1432 3614 propter
1458 3545 1527 3592 vos
1557 3511 1657 3595 ‹tixtt
1678 3521 1774 3596 mihi
1790 3525 1908 3598 :·Non
1929 3520 2128 3619 ingredieris

789 3605 897 3697 illuc,
920 3609 1060 3682 scilicet
1085 3611 1127 3682 in
1154 3621 1292 3683 terram
1323 3617 1589 3708 promissionis.

589 3718 669 3773 Deua.
693 3739 733 3772 u.
838 3702 998 3792 Cavete,
1017 3703 1116 3776 dixit
1139 3709 1307 3801 Moyses,
1330 3733 1378 3779 ue
1405 3709 1500 3780 sorte
1524 3709 1729 3806 decipiatur
1758 3738 1822 3786 cor
1840 3727 2039 3806 vestrum,
2053 3727 2083 3786 et
2095 3731 2128 3779 na

788 3797 1009 3870 recedatisa
1035 3800 1217 3890 Domine,
1251 3803 1496 3898 serviatisque
1526 3803 1597 3878 diis
1624 3807 1774 3900 alienis,
1801 3824 1840 3883 et
1874 3811 2131 3887 adoremus

787 3891 981 3985 iratusque
1003 3895 1188 3970 Dominus
1210 3892 1359 3967 claudat
1389 3899 1536 3970 coelum.

586 4003 673 4054 sonae.
698 4021 722 4071 7·
836 3984 921 4056 Filii
940 3985 1052 4058 Israel
1075 3990 1308 4082 praevaricati
1343 4005 1433 4064 sunt
1457 3991 1697 4088 mandatum,
1732 4009 1769 4068 et
1793 4012 2086 4097 usurpaverunt
2105 3993 2133 4066 d'

786 4077 1031 4152 anathemate.
1072 4083 1281 4176 Sequitur:
1312 4087 1509 4182 Iratusque
1535 4101 1665 4162 contra
1694 4091 1789 4166 filios
1819 4095 1945 4170 Israel
1976 4098 2136 4173 Dominus

784 4184 935 4264 propter
970 4187 1164 4268 peccatum
1187 4176 1337 4252 richau.

582 4303 605 4344 ι.
624 4287 683 4340 aar.
709 4287 752 4340 13.
831 4266 952 4375 iratus
976 4281 1031 4340 est
1053 4271 1239 4344 Dominus
1263 4288 1392 4352 contra
1423 4277 1563 4371 Onam,
1585 4291 1622 4353 et
1644 4282 1826 4378 percussit
1844 4275 1970 4386 eum,
1995 4277 2143 4381 eoquod

780 4370 961 4458 tetlgrsset
991 4387 1113 4439 arcam
1138 4367 1215 4439 Dei.
1620 4389 1621 4394 ’

2032 4480 2145 4551 Iratus
