4310 5472
737 335 827 432 'nt
1003 317 1268 410 mausus
1314 314 1466 404 cnm..
1504 313 1821 440 semissem

737 453 2101 494 ffl“-N

737 553 952 648 exemplum
985 549 1113 624 divitis
1136 548 1326 646 epulonis,
1352 545 1420 642 qui
1449 543 1746 641 conquerebatus
1776 569 1814 620 se
1843 550 1937 644 pau
1977 553 2100 659 lingui

737 647 928 744 specialem
959 647 1174 720 cruciatum.
1386 737 1421 808 Η
1739 657 1745 668 ’
1776 658 1782 670 ’

1125 791 1464 953 TITULUS.
1501 861 1700 946 LXIII..

1258 992 1559 1078 Homicidunn

543 1163 614 1216 ⁶⁰¹¹·
635 1163 663 1230 ⁴·
738 1125 943 1262 Graviter
974 1185 1074 1256 Deus
1110 1181 1360 1256 homicidium·
1388 1183 1628 1255 commissum
1664 1205 1686 1255 a
1717 1183 1813 1260 catu
1845 1199 2012 1285 punivit
2050 1225 2074 1280 n

541 1245 628 1384 ᾖξ’
641 1263 676 1383 ᾗ
734 1293 860 1354 tamen
878 1279 1046 1354 nondum
1065 1289 1143 1350 erat
1168 1275 1398 1372 prohibitum
1417 1276 1541 1370 aliqua
1563 1277 1641 1374 lege
1657 1279 1802 1374 scripte„
1820 1285 1979 1368 Occidit
1996 1261 2070 1374 (hia

541 1351 647 1482 ΜΞ,
661 1353 707 1468 ,Ζ
737 1377 830 1450 Abel
851 1373 1004 1448 fiatrem
1032 1397 1167 1445 suum:
1192 1375 1342 1466 Moyses
1369 1373 1584 1480 AEgyptium
1609 1373 1762 1448 :David
1789 1379 1947 1456 Goliath
1966 1417 1976 1460 :
1997 1395 2073 1468 Joa'n

543 1496 569 1543 a.
584 1497 646 1562 neg.
661 1511 685 1546 η.
737 1472 864 1542 Abner
884 1481 922 1539 et
943 1470 1114 1540 Amasam
1135 1491 1143 1535 :
1166 1464 1338 1536 Salomon
1358 1465 1557 1559 Adomam,
1584 1467 1676 1540 Joab
1702 1482 1739 1541 ct
1759 1473 1873 1546 Semei
1888 1505 1900 1544 .·
1915 1483 2073 1564 Herode,

541 1579 625 1631 marc.
642 1583 669 1631 a.
738 1563 919 1634 Ioannem
940 1563 1144 1658 Baptistam
1172 1561 1333 1630 :Petrus
1355 1561 1538 1632 Ananiam
1556 1575 1594 1634 et
1615 1564 1661 1634 Sa
1685 1563 1838 1638 hiram:
1860 1572 1925 1644 sed
1944 1589 2069 1654 cousi-

541 1665 634 1716 Aetor·
652 1666 678 1719 5.
739 1657 826 1728 dere
851 1657 974 1728 varies
1003 1655 1229 1726 intentiones
1256 1650 1294 1723 e't
1330 1675 1469 1724 causas.
1493 1656 1622 1728 vonit
1654 1591 1859 1754 dominus,
1881 1679 1929 1738 ut
1955 1669 2071 1750 homo

737 1747 980 1826 vehementer
993 1749 1208 1820 abhoneret
1218 1745 1463 1818 homicidium
1477 1777 1488 1844 3
1506 1751 1616 1826 Unde
1635 1765 1672 1825 et
1687 1759 1905 1852 sanguinem
1919 1762 2068 1843 incarne

737 1842 953 1940 prohibuit,
976 1845 1129 1915 Genesis
1152 1867 1262 1914 nono.
1446 1839 1450 1852 ’

541 1939 610 1990 cen.
627 1953 668 2008 ²5*-
784 1937 978 2010 Homicida
992 1937 1142 2010 deberet
1159 1939 1324 2034 reputari
1346 1941 1454 2034 quasi
1469 1943 1635 2036 occisus,
1658 1945 1759 2018 unde
1778 1949 1885 2024 dixit
1904 1955 2059 2030 Rebecca:

738 2034 817 2106 Cur
838 2045 997 2128 utroque
1018 2033 1176 2105 orbabor
1200 2033 1279 2105 filio
1300 2035 1342 2106 in
1371 2036 1427 2106 ira
1447 2037 1516 2108 Dei
1535 2036 1554 2105 i
1581 2039 1680 2128 Quia
1710 2044 1742 2113 si
1768 2045 1966 2124 occidisset
1982 2056 2056 2126 Fssn

596 2215 602 2227 .
737 2129 871 2216 Jacob,
899 2142 1105 2223 utrumque
1130 2127 1333 2222 perdidisse
1354 2128 1475 2200 filium
1504 2134 1708 2226 reputabat
1738 2149 1749 2171 ‘

518 2212 628 2266 ΜΟ·
645 2215 670 2267 ⁸·
783 2226 821 2296 si
841 2224 957 2295 Zebee
978 2236 1015 2294 et
1033 2223 1203 2304 Selmena
1224 2223 1357 2332 fiatses
1378 2221 1562 2298 Gedeonis
1583 2252 1660 2299 non
1683 2229 1939 2337 occidissent,
1953 2270 2055 2342 neom·

538 2411 624 2466 June.
641 2433 668 2484 9·
736 2317 1317 2486 qudhimldldtcldbfidddednerdcbddi
1344 2331 1478 2481 ddsciddt
1505 2419 1735 2514 septuaginta
1756 2399 1902 2506 frenes
1923 2463 1993 2510 suos
2018 2452 2054 2510 nt

735 2508 835 2578 solus
857 2517 981 2598 posset
1013 2527 1053 2572 re
1104 2527 1176 2570 are.
1201 2501 1277 2608 §ed
1298 2503 1378 2596 ipse
1408 2503 1462 2574 ibi
1489 2508 1634 2582 modico
1670 2526 1838 2612 tempote
1873 2494 2052 2606 dommilus

734 2599 831 2683 fuit,
860 2597 980 2665 mults
1003 2617 1041 2664 m
1078 2617 1100 2661 s
1117 2603 1318 2686 sustinuit,
1346 2608 1382 2666 et
1408 2599 1503 2672 male
1527 2605 1644 2678 vitam
1663 2609 1799 2686 finivit.

543 2711 568 2744 ιι
592 2694 656 2760 neg.
674 2708 717 2746 υ·
785 2688 882 2777 Quia
910 2684 1077 2759 sacerdos
1101 2686 1316 2760 Abimelech
1343 2691 1568 2770 confortavit
1590 2702 1733 2797 David,
1755 2707 1960 2806 fugientem
1972 2721 2034 2794 saul

735 2783 854 2876 ipsius
875 2780 997 2853 David
1019 2793 1232 2875 persecutor
1248 2784 1360 2875 Saul,
1390 2788 1523 2861 occidit
1549 2817 1636 2868 eum
1658 2823 1745 2872 cum
1771 2807 1855 2882 aliis
1880 2778 2051 2888 sscndoti3

734 2875 834 2964 bus,
856 2873 1097 2964 mulieribus,
1124 2887 1161 2945 et
1186 2877 1363 2971 parvuhs.

539 2979 566 3014 ²·
586 2965 649 3030 1³⁰3·
666 2978 689 3010 ¹·
786 2969 913 3038 Occidi
936 2966 1024 3040 fecit
1050 2968 1171 3041 David
1189 2969 1454 3050 adolescentem
1467 3033 1477 3070 ,
1502 2982 1568 3075 qui
1593 2986 1692 3061 dixit
1717 3017 1756 3065 se
1779 3000 1870 3074 Saul·
1884 3002 2032 3076 occidisse

540 3063 649 3127 ²·110s·
670 3076 718 3110 ¹¹·-
784 3062 877 3134 Item
904 3062 993 3136 fecit
1015 3063 1131 3135 occidi
1153 3065 1284 3138 Uriam
1309 3091 1376 3164 per
1396 3097 1550 3146 manum
1581 3082 1683 3155 Joab.
2036 3057 2053 3073 Ἰ

539 3174 566 3208 2·
585 3159 648 3226 neg.
663 3159 702 3209 ¹³·
783 3157 944 3230 Absalon
980 3159 1183 3235 invitatum
1211 3161 1269 3242 ,ad
1294 3165 1527 3242 'convivium
1560 3173 1714 3254 fratrem
1751 3212 1863 3262 suum
1898 3197 2032 3269 Amnon

732 3249 871 3324 senem
897 3253 1040 3326 secun.
1637 3329 1640 3336 .
2044 3254 2052 3289 '

537 3335 639 3405 ΗΘΒ·
655 3355 682 3406 7·
749 3441 754 3453 Ι
781 3349 924 3420 Tantus
947 3362 1003 3420 est
1031 3348 1165 3424 horror
1191 3351 1404 3430 effundendi
1433 3358 1643 3441 humanum
1672 3379 1882 3470 sanguinem
1941 3386 2036 3480 quod

729 3440 816 3516 hcet
838 3441 928 3516 alias
953 3445 1076 3518 David
1099 3458 1193 3520 esset
1211 3452 1397 3544 optimus,
1416 3467 1540 3532 tamen
1556 3463 1677 3538 noluit
1698 3469 1881 3550 Dominus
1897 3435 1966 3562 ’ut
1979 3445 2056 3554 aedi-²

729 3537 856 3614 ficeret
876 3542 909 3612 ei
932 3541 1141 3635 templum,
1169 3543 1231 3614 sed
1261 3545 1430 3621 Salomon
1457 3552 1567 3627 filius.
1894 3534 1905 3572 ²

535 3629 560 3680 ³·
582 3629 685 3697 Res-²·
776 3635 958 3720 Quamvis
986 3635 1080 3707 Joab
1102 3636 1217 3710 fuerit
1243 3640 1348 3712 miles
1371 3646 1511 3752 probus
1532 3651 1574 3722 in
1595 3658 1729 3751 summ,
1755 3676 1791 3734 et
1816 3665 1985 3748 Domino
2005 3699 2051 3746 sno

728 3727 838 3799 valde
861 3727 979 3798 fidelis
1003 3753 1010 3794 :
1032 3731 1129 3817 Quia
1156 3744 1281 3804 tamen
1303 3738 1436 3810 occ1dit
1456 3741 1549 3815 duos
1572 3749 1674 3822 viros
1692 3758 1924 3860 proditorie,
1948 3793 2055 3844 omnes

628 3833 631 3840 ’
730 3821 811 3910 ejus
850 3822 975 3928 gratiss
1013 3826 1120 3982 (Im
1146 3826 1364 3937 pronihilo
1396 3849 1618 3931 computatas
1648 3847 1814 3924 suerunt.
1847 3859 1965 3938 Unde
1985 3867 2057 3940 fecit

729 3934 816 3980 oum
841 3913 958 3981 oceldl
984 3915 1028 3982 Sa
1044 3941 1180 4009 omen,
1206 3923 1291 3995 hcet
1313 3937 1454 4000 teneret
1484 3955 1600 4008 cornu
1622 3941 1757 4019 altaris.

535 3997 637 4062 Nes·
658 4011 699 4046 ²¹·
775 4003 1003 4075 Procurante
1026 4006 1139 4123 impia
1160 4014 1328 4124 Iezabel,
1352 4021 1501 4095 Naboth
1521 4027 1596 4102 fuit
1621 4039 1819 4116 crudeliter
1845 4048 2029 4148 lapidatus

532 4122 559 4161 ι.
578 4101 692 4170 Par-24·
773 4097 854 4170 Rex
880 4098 977 4170 Juda
1002 4100 1087 4172 Joas
1121 4122 1230 4194 Jussit
1261 4113 1473 4190 Zachariam
1502 4121 1622 4200 filium
1650 4131 1788 4230 Jojadae
1819 4147 2052 4225 sacerdotes

722 4191 1428 4406 {Z'Pffigffitllaglc'giffittcmen'peter
1448 4213 1549 4376 illius
1569 4227 1790 4308 restituisset
1812 4237 1871 4318 illi
1888 4266 2065 4346 regnem:⁸
