4464 5464
226 557 491 648 TITULUS
539 524 730 646 CXLIV}
788 561 1024 653 Prudentia
1060 589 1103 656 et
1146 564 1358 660 discretio,
1418 579 1498 690 '273

126 777 170 891 in
200 783 406 880 colloquio,
429 781 529 882 quod
554 781 687 856 habuit
713 813 797 859 cum
835 789 986 885 Angelo.
1025 791 1216 890 Cogitabat
1247 796 1367 892 qualis
1402 807 1499 870 esset

125 891 205 951 ista
236 879 431 970 salutatio,
453 893 489 951 et
517 879 593 950 ait:
619 879 815 967 Quomodo
840 883 904 957 fiet
940 885 1071 960 istud?

181 976 277 1047 Cum
296 979 535 1049 remansisset
561 975 600 1045 in
622 973 827 1051 Jerusalem
844 979 1054 1057 duodennis
1072 999 1167 1080 puer
1185 990 1293 1062 Jesus
1312 993 1354 1061 in
1373 987 1497 1062 medio
1514 1023 1579 1078 Luc.
1594 1041 1624 1078 2,

126 1071 357 1163 Doctorum,
379 1071 535 1142 aruliens
565 1081 602 1140 ct
631 1071 863 1167 interrogans
890 1078 982 1149 illos.
1023 1075 1221 1178 Sequitur,
1243 1085 1344 1181 quod
1371 1097 1498 1183 stupe-

124 1167 221 1279 bant
250 1192 410 1280 omnes,
431 1165 499 1260 qui
530 1190 616 1239 eum
652 1167 875 1263 audiebant,
897 1198 1009 1268 super
1040 1177 1240 1271 prudentia
1274 1193 1312 1255 et
1347 1207 1497 1278 respon-

128 1290 184 1336 sis
226 1288 319 1355 ejus.
598 1288 608 1300 ⁸

181 1354 368 1430 Laudavit
385 1357 567 1430 Dominus
579 1356 749 1432 villicum
764 1362 998 1458 iniqnitatis,
1015 1368 1103 1462 quia
1118 1369 1323 1465 prudenter
1339 1371 1495 1446 fecisset.
1513 1391 1578 1444 Luc.
1605 1393 1645 1443 ra.

180 1451 343 1528 Pulchre
368 1451 504 1561 delusit
534 1456 719 1529 Dominus
752 1461 935 1534 curiosam
968 1463 1296 1560 interrogationem
1328 1468 1498 1542 Sacerdo-
1513 1459 1612 1578 {wilt
1641 1475 1683 1509 ²¹·

104 1562 215 1630 ¹tum
245 1560 280 1618 et
310 1573 500 1650 semorum
535 1551 664 1646 populi
698 1551 916 1628 Judaecrum
952 1561 1224 1653 quaerentium,
1247 1563 1288 1634 in
1324 1589 1399 1658 qna
1430 1591 1497 1659 po·
1537 1545 1577 1578 ‘¹⁰'
1599 1543 1641 1577 ²⁰⁸

128 1659 263 1718 testate
292 1642 353 1712 ille
379 1643 558 1716 miracula
590 1645 754 1722 faceret?
776 1655 829 1723 ait
848 1653 949 1724 enim
966 1679 973 1722 :
992 1655 1233 1750 Interrogabo
1259 1670 1296 1730 et
1318 1683 1385 1754 ego
1408 1684 1493 1734 vos:

125 1739 341 1905 BaEtismus
376 1737 531 1814 loannis
567 1742 668 1813 unde
712 1745 797 1817 est?

210 1861 274 1906 um
305 1833 444 1942 Paulus
478 1837 676 1928 Apostolus
709 1839 843 1916 fuisset
875 1867 961 1916 cum
985 1845 1095 1918 bocio
1138 1869 1207 1922 suo
1241 1845 1315 1917 Sila
1346 1846 1388 1918 in
1422 1871 1498 1919 car·
1514 1877 1606 1930 seur.
1629 1880 1668 1931 ,6,

127 1957 214 2003 cere
242 1941 408 2025 postus,
429 1955 470 1999 in
503 1933 666 2001 crastino
691 1935 876 2006 miserunt
901 1942 1139 2031 magistratus
1169 1943 1498 2034 praecipientes,ut

128 2027 423 2100 dimitterentur.
461 2023 601 2099 Paulus
633 2025 838 2122 prudenter
872 2028 998 2102 dixit:
1021 2029 1143 2104 Caesos
1175 2058 1244 2104 nos
1274 2034 1420 2128 publice
1443 2038 1499 2106 in·

126 2123 232 2196 dicta
264 2145 396 2210 cansa,
419 2145 506 2194 curn
537 2121 654 2194 simus
686 2123 862 2218 Romani,
883 2127 1125 2222 conjecerunt
1155 2126 1198 2198 in
1227 2128 1434 2223 carcerem,
1461 2141 1499 2202 et

126 2245 236 2293 nunc
267 2217 410 2290 occulte
434 2242 503 2289 nos
537 2217 723 2290 eiciunt?

180 2313 375 2388 Commota
404 2326 441 2388 et
471 2245 627 2386 conlhsa
658 2314 809 2398 civitate
841 2315 1050 2413 Ephesina,
1070 2315 1210 2390 Paulus
1232 2317 1437 2413 prudenter
1462 2332 1499 2393 et
1518 2355 1608 2408 Am
1630 2371 1671 2424 ,9,

126 2412 328 2486 humiliter
364 2411 553 2507 acquievit
592 2410 747 2484 consilio
779 2413 1007 2503 amicorum,
1028 2413 1095 2508 qui
1129 2427 1358 2508 rogaverunt
1390 2440 1499 2504 eum,

125 2533 179 2580 ne
210 2535 248 2580 se
278 2508 382 2580 daret
410 2509 449 2580 in
487 2507 688 2582 theatrum.
730 2508 808 2582 Ubi
839 2510 951 2582 etiam
979 2511 1151 2605 apparuit
1173 2508 1373 2604 prudentia
1396 2508 1499 2582 illius

125 2603 290 2697 Scribas,
314 2607 380 2702 qui
412 2601 568 2702 pulchre
607 2603 752 2680 sedavit
781 2603 964 2704 populum
1002 2605 1063 2704 sic¹
1092 2616 1346 2697 commotum,
1371 2615 1407 2676 et
1440 2631 1502 2678 re·

124 2701 233 2774 misit
263 2699 308 2772 ad
345 2701 510 2774 domum.

178 2796 274 2869 Cum
313 2798 505 2872 Tribunus
542 2799 714 2892 jussisset
749 2796 909 2872 Paulum
943 2791 1034 2870 caedi
1061 2809 1098 2870 et
1128 2795 1282 2893 flagellis
1311 2799 1610 2902 torquem-Actor.
1640 2839 1683 2878 22.

125 2891 228 2966 dixit
247 2893 387 2968 Paulus
413 2897 551 2968 astanti
574 2896 647 2968 sibi
674 2895 897 2966 Centurioni
913 2918 921 2963 ε
938 2895 977 2965 Si
1007 2892 1200 2968 homiuem
1223 2894 1433 2966 Romanum
1459 2893 1502 2968 li-

126 3003 188 3060 cet
220 2991 480 3072 indemnatum
513 2991 622 3068 vobis
657 2986 871 3086 flagellare?
894 2999 932 3060 et
968 2987 1218 3062 discesserunt
1256 2986 1304 3056 ab
1339 3011 1405 3082 eo,
1432 2991 1502 3086 qui

127 3105 218 3150 eum
250 3087 387 3151 torturi
419 3097 535 3152 erant.

180 3173 276 3246 Cum
307 3173 420 3246 vellet
447 3173 587 3243 Paulus
619 3173 665 3242 de
695 3173 839 3244 Graecia
860 3178 1035 3266 navigare
1063 3177 1105 3244 in
1146 3175 1317 3268 Syriam,
1337 3187 1374 3246 et
1394 3177 1503 3246 intel·
1517 3211 1608 3264 Actor.
1634 3227 1677 3266 20,

128 3271 261 3366 ligeret
289 3266 359 3342 sibi
382 3292 405 3338 a
426 3264 569 3338 Judaeis
597 3291 676 3336 esse
707 3277 852 3360 paratas
880 3267 1058 3358 insidias,
1079 3281 1187 3338 caute
1215 3267 1427 3342 declinavit.
1452 3271 1501 3343 Et

129 3393 307 3442 reversus
340 3373 395 3440 est
425 3385 492 3458 per
523 3359 796 3453 Macedoniam,
820 3383 888 3432 nec
914 3362 1102 3435 recusavit
1123 3361 1365 3454 comitatum,
1388 3387 1502 3457 quem

129 3461 298 3537 fecerant
329 3462 364 3534 ei
387 3457 526 3532 fratres
559 3454 791 3528 diversarum
823 3456 1031 3528 civitatum.
1114 3536 1116 3540 Α

181 3560 308 3632 Sciens
337 3553 501 3647 Paulus,
521 3551 622 3648 quod
656 3577 734 3625 una
762 3576 847 3648 pars
883 3563 978 3624 esset
1001 3550 1299 3644 Pharisaeorum,
1321 3550 1504 3623 exclama·
1518 3595 1610 3651 geg„
1632 3598 1674 3650 23.

130 3655 193 3729 vit
218 3680 226 3726 ε
251 3653 336 3726 Viri
371 3651 531 3742 fratres,
564 3647 775 3722 Pharisaeus
813 3674 897 3720 sum
932 3661 1000 3718 etc.
1037 3649 1086 3720 Et
1122 3661 1316 3742 srugcntes
1350 3645 1504 3743 quidam

130 3749 409 3824 Pharisaeorum
445 3744 662 3844 pugnabant
699 3771 767 3841 pro
800 3772 853 3818 eo.

182 3847 314 3919 Postea
343 3871 430 3919 cum
462 3841 653 3927 audisset,
680 3841 778 3938 quod
816 3841 966 3937 quidam
1006 3841 1121 3937 jndaei
1161 3853 1367 3934 voverant,
1391 3867 1429 3913 se
1445 3838 1505 3912 ni·
1520 3851 1629 3908 Eodem.

133 3940 192 4014 hil
211 3953 446 4036 gustaturos,
463 3938 581 4011 dorrec
603 3939 813 4034 occiderent
837 3938 1015 4032 Paulum,
1033 3937 1122 4009 l'ecit
1140 3935 1213 4008 hoc
1232 3938 1405 4010 nunciari
1421 3937 1507 4009 ‘sri-

130 4037 258 4128 buno,
277 4040 345 4133 qui
372 4036 475 4110 misit
506 4060 592 4106 eum
631 4059 717 4110 cum
754 4035 884 4109 multis
925 4035 1077 4108 arnmtis
1113 4032 1160 4104 ed
1192 4031 1351 4106 Felicem
1384 4034 1505 4130 Syriae

130 4132 344 4208 Praesidem.
419 4193 421 4199 .

184 4229 278 4303 Cum
306 4227 438 4301 Festus
458 4227 599 4300 Praeses
618 4227 733 4303 vellet
749 4254 833 4302 eum
860 4229 900 4300 in
934 4226 1140 4302 Jerusalem
1165 4224 1340 4301 reducere
1371 4224 1418 4298 ad
1442 4225 1506 4298 in-
1522 4251 1613 4306 Actor.
1641 4253 1685 4306 aa.
1746 4239 1751 4250 “

135 4329 312 4398 stantiam
347 4323 583 4414 Judaeorum,
608 4323 747 4396 Paulus
788 4323 995 4422 prudenter
1028 4315 1227 4398 adver-lens
1260 4347 1392 4405 coriam
1423 4346 1505 4404 ma-¹

132 4419 276 4520 litium,
294 4419 477 4498 Caesarem
514 4419 729 4517 appellavit.
1060 4517 1099 4592 Μ
1282 4509 1285 4515 Γ

1048 4531 1053 4554 ’
1134 4541 1174 4594 m
