4452 5462
422 497 704 586 'TITULUS
745 496 983 598 CLXXIX,
1013 494 1266 611 vigilantia.
1343 573 1350 582 .
1440 495 1522 608 327

217 731 315 822 Quia
329 730 489 802 loannes
506 727 672 824 baptista
682 727 826 800 dicebat
837 727 975 801 Herodi
987 753 994 798 :
1008 724 1091 801 Non
1103 726 1189 800 licet
1200 725 1269 798 tibi
1279 723 1416 798 habere
1426 751 1521 798 uxo-
1539 753 1638 808 uma.
1648 751 1694 822 ¹4·-

170 851 249 924 rem
266 825 392 900 fratris
406 827 463 898 tui
474 878 484 918 ,
497 824 586 897 fecit
603 849 691 897 eum
713 823 874 897 Herodes
891 825 1130 916 incarcerari,
1140 833 1178 895 et
1193 832 1319 919 postea
1336 819 1519 894 decollari.
1539 845 1662 898 naras.

218 923 313 996 Cum
334 922 518 994 Dominus
540 920 746 1010 increparet
768 919 814 990 de
835 919 964 991 multis
984 917 1216 1016 hypocrytas
1237 928 1274 989 et
1293 915 1520 1009 Pharisaeos,
1537 937 1602 990 Luc.
1618 955 1658 991 ιι.

171 1028 370 1112 coeperunt·
380 1015 438 1088 illi
458 1015 620 1110 graviter
643 1014 814 1085 insistere
835 1025 936 1085 etos
959 1017 1044 1104 ejus
1066 1013 1292 1108 opprimere,
1315 1011 1361 1082 <le
1390 1010 1520 1083 multis

142 1179 144 1184 ,
169 1112 409 1200 insidiantes,
427 1122 464 1182 et
480 1119 690 1204 quaerentes
708 1133 837 1202 rapere
859 1107 907 1180 ali
934 1107 1000 1182 uid
1023 1133 1073 1180 ex
1096 1131 1160 1178 ore
1186 1108 1268 1203 ejus

219 1205 397 1277 Pharisaei
426 1217 533 1276 'coeco
558 1216 665 1295 nato,
683 1229 705 1274 a
729 1204 891 1278 Domino
908 1135 1143 1293 illuminato,
1159 1201 1459 1289 maledixerunt,
1483 1210 1519 1272 et
1537 1231 1614 1284 som.
1627 1249 1654 1300 9.

171 1311 294 1464 paup&L
291 1323 517 1396 synagogam
528 1301 734 1396 ejecerunt,
751 1323 821 1394 pro
831 1323 892 1396 eo,
903 1297 1004 1396 quod
1014 1297 1211 1372 veritatem
1222 1296 1519 1368 constantissime

188 1405 246 1465 ate
293 1405 367 1466 tur.
1260 1405 1264 1412 '

218 1488 408 1584 Principes
426 1488 675 1581 sacerdotnm,
690 1491 883 1564 audientes
897 1490 1014 1564 verba
1028 1487 1308 1583 Apostolorum,
1325 1486 1371 1558 de
1387 1483 1520 1558 doctri·
1535 1499 1666 1556 Actora.

172 1607 221 1654 na
245 1582 401 1672 Christi,
417 1585 715 1672 dissecabantur,
729 1597 767 1658 et
789 1584 998 1678 cogitabant
1019 1581 1227 1656 interficere
1246 1579 1346 1672 illos,
1362 1601 1399 1653 et
1416 1581 1525 1652 caesis

171 1678 511 1778 denunciaverunt,
531 1701 579 1747 ne
606 1679 764 1773 amplius
790 1679 1034 1774 loquerentur
1057 1679 1099 1751 in
1121 1678 1274 1750 nomine
1294 1675 1447 1749 Domini
1464 1676 1522 1747 Je-

171 1797 227 1843 su.
256 1770 304 1840 Et
329 1763 386 1841 illi
406 1770 513 1844 ibant
538 1771 740 1862 gaudentes
762 1797 785 1840 a
813 1785 1016 1866 conspectu
1050 1773 1205 1848 consilii.

218 1861 421 1935 Audientes
444 1863 566 1935 Judaet
582 1863 681 1933 beati
702 1863 882 1956 Stephani
901 1864 1038 1952 verba,
1050 1861 1331 1933 dissecabantur
1350 1860 1524 1932 cordibus
1542 1863 1676 1931 Mares·-

173 1955 268 2046 snis,
285 1968 322 2028 et
346 1955 552 2031 stridebant
573 1955 749 2027 dentibus
767 1955 811 2028 in
834 1979 933 2030 eum.
963 1957 1013 2026 Et
1028 1953 1219 2048 ejicientes
1237 1978 1324 2024 eum
1345 1964 1455 2025 extra
1468 1954 1525 2024 ci-

171 2049 326 2124 uitatem
350 2050 577 2148 lapidabant.
831 2139 836 2146 Ι

220 2146 362 2219 Multos.
377 2159 414 2219 et
431 2169 583 2241 magnos
602 2144 742 2217 habuit
764 2141 995 2220 adversarios
1019 2144 1155 2216 beatus·
1174 2139 1336 2234 Paulus,
1355 2163 1428 2236 pro
1439 2163 1527 2214 ver·
1544 2145 1694 2216 Actaea-²

173 2237 231 2310 bis
254 2241 424 2316 veritatis
449 2253 487 2314 et
514 2240 744 2332 sobrietatis,
766 2240 956 2336 quae·ipse
985 2237 1204 2310 hominibus
1230 2234 1463 2331 loquebatur.

221 2335 313 2410 ltem
331 2335 543 2409 adGalatas.
559 2337 657 2432 Ergo
670 2337 851 2408 inimicus.
860 2335 971 2408 vobis
982 2330 1104 2406 factus
1115 2356 1222 2424 sum,
1231 2355 1367 2406 ueram
1374 2327 1529 2404 dicens?
1546 2355 1647 2421 ⁰¹14

517 2448 1192 2638 urrunsacn'xxrn

453 2665 461 2678 ’
721 2659 976 2772 ,Vrgilannn
1232 2681 1235 2688 ⁴

176 2796 329 2957 Onam
359 2851 519 2948 vigilans
541 2849 656 2924 suerit
678 2851 791 2924 Jacob
813 2853 857 2924 in·
881 2853 1034 2928 servitio
1054 2851 1202 2942 Laban,
1218 2858 1380 2922 testatus
1394 2859 1450 2922 est
1468 2845 1614 2934 hisces.
1630 2869 1686 2932 ,η

172 2947 321 3019 verbis:
341 2945 400 3018 die
426 2957 615 3048 noctuque
644 2959 738 3018 aestu
762 2948 898 3018 urebar
919 2959 956 3018 et
982 2949 1092 3042 gelu,
1107 2945 1347 3035 fugiebatque
1377 2969 1529 3018 somnus
1613 2945 1655 3010 tm

176 3037 222 3101 ab
246 3041 362 3108 oculis
387 3041 490 3110 meis.
514 3043 646 3130 Sicque
670 3067 736 3132 per
761 3039 899 3132 viginti
924 3063 1045 3110 annos
1072 3033 1213 3110 servivi
1239 3032 1326 3103 tibi..
1345 3035 1532 3109 Docemur

175 3123 248 3198 boc
269 3131 463 3224 exemplo,
489 3151 600 3220 quam
620 3131 780 3219 vigilans
798 3131 956 3223 quisque
975 3127 1105 3198 debeat
1121 3151 1199 3197 esse
1215 3127 1258 3196 in
1276 3127 1430 3197 servitio
1447 3130 1538 3219 Dei,
1667 3147 1669 3154 '

177 3223 382 3314 prasertim
411 3222 447 3293 si
468 3222 516 3291 sit
547 3231 671 3316 pastor
696 3221 915 3292 animarum.

227 3315 434 3408 Cherubin,
446 3341 540 3412 quos
548 3314 645 3388 vidit
651 3311 823 3385 Ezechiel
835 3317 947 3410 juxta
958 3335 1111 3384 currum
1119 3311 1243 3408 gloriae
1254 3311 1535 3408 Domini,pleni
1546 3331 1640 3386 such.
1654 3353 1696 3386 w

176 3425 282 3488 eraut
297 3412 424 3487 cudis.
440 3413 534 3484 Item
547 3423 583 3483 et
595 3407 827 3506 quatuorilla
838 3408 1027 3499 animalia,
1039 3432 1124 3502 quae
1136 3404 1532 3482 viditJoannesincir-
1542 3434 1669 3503 ipssa

177 3509 283 3582 cuitu
294 3505 531 3604 sedis,plcna
546 3513 653 3580 erant
664 3506 878 3578 oculisante
891 3516 927 3576 ct
939 3515 1047 3577 retro.
1068 3503 1213 3574 Debent
1222 3524 1355 3593 nempe
1367 3503 1470 3572 omni
1481 3527 1532 3574 ex

177 3615 281 3701 parte
293 3605 465 3701 vigilare,
476 3605 548 3699 qui
554 3602 689 3678 volunt
698 3601 942 3694 Deo-servire,
956 3611 994 3672 et
1007 3595 1053 3669 ad
1065 3599 1146 3692 ejus
1161 3595 1311 3692 gloriam
1325 3597 1530 3688 pervenire.

227 3698 364 3794 Causa,
380 3702 427 3774 ob
451 3723 565 3798 quam
590 3696 712 3771 David
735 3695 867 3770 cecidit
886 3696 934 3769 in.
951 3706 1144 3792 peccatum
1172 3689 1364 3784 adulterii,
1377 3687 1452 3804 fuit
1474 3691 1533 3762 de-
1549 3733 1573 3770 ῃ.
1587 3714 1649 3786 rag.
1660 3735 1692 3771 n.
1827 3705 1831 3714 ’
1871 3761 1875 3770 ,

149 3785 160 3811 '
181 3794 308 3868 lectus.
325 3795 541 3871 sufficientis
562 3792 775 3888 vigilantius.
1778 3869 1780 3872 ¹

229 3893 359 3966 Monet
384 3919 456 3965 nos
473 3893 645 3966 Salomon
661 3913 670 3956 t
692 3886 805 3962 Omni
820 3885 987 3976 custodita
1001 3911 1111 3961 serva
1119 3908 1183 3958 cor
1204 3899 1333 3975 tuum,
1352 3883 1530 3980 quoniam
1550 3907 1626 3962 rav.
1646 3907 1671 3974 4.
1685 3907 1736 3959 aa.

182 4011 232 4058 cx
253 3986 338 4082 ipso'
355 3990 434 4064 uita
451 3985 625 4083 procedit.
646 3983 689 4055 Si.
705 3981 873 4082 ipsehoc
895 3982 1079 4056 monitum
1101 3981 1351 4071 observasset,
1366 3990 1530 4052 nontam
1824 3985 1828 3992 '

180 4087 341 4178 turpiter
362 4085 558 4181 peccasset.
1095 4101 1101 4108 ”

231 4181 286 4255 Ut
302 4207 369 4253 nos
387 4180 570 4252 Dominus
592 4177 770 4249 excitaret
787 4173 840 4246 ad
861 4175 1111 4271 vigilantiam,
1126 4200 1195 4271 pro
1219 4171 1676 4264 onitsxemplurunuc.1s..

185 4287 267 4356 tum
288 4277 438 4351 illorum
466 4274 682 4363 hornam,
704 4273 771 4370 qui
794 4271 976 4348 vixerunt
1000 4281 1165 4363 tempore
1194 4201 1290 4358 llos,
1311 4279 1394 4338 tum
1417 4265 1531 4338 Scdo-
1550 4259 1665 4309 ΜΨ

186 4377 374 4450 mirarum.
399 4369 466 4444 Isti
492 4373 593 4447 cuim
618 4365 724 4441 nullo
749 4367 859 4439 modo
889 4361 1135 4458 invigilabant
1160 4365 1230 4440 sibi
1255 4363 1366 4460 ipsis,
1387 4369 1424 4430 et
1454 4385 1532 4432 suaa

185 4472 313 4564 saluti,
331 4466 395 4539 sed
427 4463 601 4561 edebant,
624 4474 661 4536 et
684 4461 864 4535 bibebant
886 4463 976 4550 etc,
993 4459 1110 4532 donec
1138 4471 1288 4558 repente
1315 4479 1426 4554 super
1449 4454 1543 4529 illos·

187 4570 296 4652 uenit
316 4562 532 4663 diluuium,
549 4588 659 4662 super
678 4558 748 4672 laos
771 4559 875 4670 ignis.
894 4555 939 4632 de
967 4554 1081 4654 coelo,
