4498 5462
296 541 301 546 Ι
362 400 631 510 TITULUS
660 419 898 508 LXXXIX.
934 417 1151 534 Laeryrnae
1177 438 1219 503 et
1248 402 1382 506 fletus.
1477 425 1549 568 163

200 637 279 806 pies
299 637 454 804 multlos,
473 639 636 712 dicentes
649 664 657 710 :
671 635 868 728 Quomodo
887 635 1018 711 cecidit
1033 649 1184 732 potens,
1199 639 1267 734 qui
1283 637 1430 712 salvum
1446 636 1554 710 facie-

226 745 264 804 at
285 735 407 805 Israe.
705 769 708 774 ·

245 827 446 900 Interfecto
469 829 631 902 Jonatha
657 843 694 902 et
722 829 869 902 duobus
894 829 981 902 liliis
1000 831 1081 922 ejus
1105 855 1192 903 cum
1214 831 1315 903 mille
1331 830 1554 924 viris,qu0s
1575 877 1598 912 ι,
1612 861 1757 914 Maean..
1833 919 1836 927 ¹

197 924 401 996 retinuerat
422 925 514 1014 sibi,
529 950 551 995 a
573 925 796 1022 Tryphone,
813 925 915 996 luxit
932 926 1045 996 Israel
1071 926 1177 999 luctu
1202 953 1345 1021 magno.
1829 933 1832 942 '

198 1047 199 1053 ¹
247 1019 498 1091 contristatus
520 1033 575 1090 est
600 1020 808 1106 Antiochus
843 1033 1007 1115 propter·
1031 1020 1201 1130 iniquam
1233 1036 1391 1095 mortem
1422 1020 1529 1093 Oniae
1544 1077 1555 1113 ,
1573 1039 1743 1108 amma.

198 1127 236 1187 et
261 1114 385 1185 flexus
408 1114 455 1184 ad
479 1115 790 1204 misericordiam,
818 1115 1004 1212 lacrymas
1030 1115 1152 1209 fudit,
1186 1129 1222 1190 et
1251 1117 1466 1191 recordatus
1500 1129 1556 1189 est

198 1209 368 1280 defuncti
391 1209 624 1278 sobrietatem
651 1222 688 1280 et
710 1211 939 1280 modestiam.

249 1303 390 1373 Occisis
411 1302 565 1374 bimaris
580 1306 705 1398 pueris
728 1329 794 1398 per
821 1301 1232 1401 Herodem,impletum
1252 1319 1323 1397 est,
1347 1307 1449 1402 quod
1478 1308 1558 1381 dic·
1576 1329 1674 1382 matth.
1693 1346 1721 1382 2.

198 1408 281 1469 tum
308 1409 363 1468 est
382 1423 448 1490 per
469 1400 665 1470 Jererniam
698 1397 923 1493 Proplretam
941 1423 953 1467 :.
971 1401 1058 1473 Vox
1084 1405 1125 1474 in
1153 1403 1296 1474 Rhama
1327 1403 1454 1474 audita
1481 1417 1559 1495 est,

156 1551 164 1557 .
196 1492 364 1587 ploratus
386 1505 423 1562 et
450 1493 618 1564 ululatus
650 1496 793 1567 multus
816 1507 883 1567 etc.
1184 1557 1187 1568 ,
1257 1552 1260 1560 .

245 1587 355 1658 Pater
379 1589 486 1680 pueri
511 1588 668 1660 lunatici
699 1590 914 1662 exclamans
941 1615 1028 1663 cum
1050 1593 1252 1690 lacrymis,
1269 1591 1390 1664 aiebat
1410 1616 1417 1660 :
1439 1590 1559 1664 Credo
1578 1603 1660 1654 mre.
1680 1619 1707 1671 9·

196 1681 376 1773 Domine,
393 1683 533 1776 adjuva
561 1683 860 1756 incredulitatem
881 1710 1012 1756 meam.
1402 1697 1404 1700 ’
1578 1719 1581 1724 ¹

245 1779 362 1848 Maria
390 1777 605 1870 Magdalena
629 1779 765 1874 legitur
789 1793 847 1853 ter
861 1780 1029 1855 flevisse:
1048 1785 1170 1877 primo
1191 1807 1259 1876 pro
1287 1783 1444 1877 peccatis
1479 1784 1557 1855 suis
1576 1793 1639 1846 Luc·
1662 1815 1687 1866 7·

195 1871 242 2036 pp
262 1871 372 1982 pedes
389 1874 567 1964 Domini:
592 1871 756 1948 secundo
777 1903 845 1972 pro
863 1889 982 1950 morte
1002 1878 1127 1950 fratris
1148 1904 1155 1947 :
1174 1879 1286 1951 tertio
1302 1905 1370 1974 pro
1386 1879 1557 1974 passione
1576 1879 1654 1930 ³⁰⁸²·
1668 1897 1699 1931 ¹¹·
1714 1881 1763 1933 ²⁰³*

231 1991 358 2037 onum.
394 2017 396 2020 -
527 2035 531 2041 ,
1018 2007 1024 2019 ·

246 2063 416 2135 Salvator
431 2074 559 2134 noster
574 2065 772 2136 invenitur
789 2068 911 2138 tribus
930 2067 1079 2140 vicibus
1097 2066 1155 2137 lac
1205 2093 1285 2138 mas
1313 2067 1479 2157 fudisse,
1500 2093 1561 2139 su·
1577 2087 1655 2135 som.
1674 2078 1729 2136 ιι.·

196 2181 263 2322 per
279 2159 461 2228 Lazarum
488 2183 601 2251 quern
628 2160 671 2229 ad
698 2161 889 2232 mortalem
911 2163 1030 2234 vitam
1046 2093 1255 2234 renocdiiat.
1276 2163 1393 2257 Super
1411 2161 1555 2233 Jerusa·
1576 2167 1640 2218 Luc.
1663 2183 1705 2234 ¹9·

213 2276 271 2322 em
289 2251 477 2323 civitatem
491 2306 501 2342 ,
513 2277 627 2344 quam
646 2265 797 2347 propter
816 2269 964 2348 peccata
982 2255 1247 2328 destruendam
1275 2258 1422 2326 sciebat.
1445 2259 1494 2328 Et
1514 2256 1558 2326 in

198 2368 329 2434 cruce,
373 2347 499 2419 uando
517 2349 680 2442 seipsum
704 2373 772 2443 pro
790 2350 923 2421 mundi
945 2353 1103 2444 peccatis
1126 2349 1288 2420 hostiam
1307 2349 1558 2439 offerebat‚ut
1578 2359 1660 2422 uebr.
1679 2369 1704 2423 5.

197 2440 250 2510 ait
276 2373 415 2514 Pauius
433 2465 440 2509 :
461 2443 592 2512 Preces
621 2467 706 2524 cum
736 2441 813 2515 lacr
843 2447 913 2518 mis
939 2459 975 2517 et
996 2445 1156 2516 clamore
1181 2443 1306 2516 valido
1339 2441 1512 2515 offerens..
1576 2505 1581 2513 s

246 2536 334 2608 Post
360 2538 594 2632 negationem
625 2535 772 2607 tertiam
795 2471 928 2607 liunus
953 2565 1121 2630 egressus
1147 2539 1246 2607 foras
1262 2592 1273 2626 ,
1291 2538 1397 2610 flevit
1424 2543 1557 2611 amare.
1578 2559 1643 2611 Luc.
1657 2573 1707 2610 22..

198 2629 266 2702 Sed
283 2643 382 2721 nota,
394 2631 493 2728 quod
512 2634 632 2704 Lucas
644 2631 841 2728 praemisit,
854 2630 997 2703 dicens:
1008 2631 1184 2724 Respexit
1197 2630 1381 2702 Dominus
1394 2631 1556 2704 Petrum.

244 2729 409 2799 Euntem
437 2728 640 2800 Dominum
661 2726 707 2797 ad
731 2727 1133 2822 crucemsequebetur
1154 2726 1275 2798 multa
1292 2725 1404 2798 turba
1417 2727 1556 2823 populi,
1577 2752 1641 2805 Luc.
1664 2751 1707 2806 aa.

196 2835 233 2896 et
251 2823 471 2915 mulierum,
490 2823 577 2920 quae'
600 2821 847 2918 plangebant,
864 2834 901 2894 et
925 2821 1227 2894 lamentabantur
1254 2845 1352 2894 eum.
1593 2825 1606 2852 ⁴

184 2925 190 2936 '
244 2918 383 2991 Paulus
409 2917 608 3015 Apostolus
635 2944 724 2993 cum
753 2917 932 3017 lacrymis
955 2919 1115 2990 Domino
1139 2917 1346 3007 serviebat3
1363 2917 1559 3012 aitenim,
1577 2929 1669 2982 Actor.
1690 2943 1740 2980 20.-

198 3037 282 3084 cum
300 3014 522 3087 valediceret
536 3013 733 3088 fratribus:
747 3014 823 3086 Vos
841 3016 944 3086 scitis
956 3069 966 3105 ,
977 3011 1348 3109 q'ualitervobiscum
1364 3040 1431 3109 per
1448 3041 1560 3087 omne

199 3116 347 3210 tempus
375 3105 511 3176 fuerim
526 3159 537 3196 ,
552 3111 719 3180 serviens
746 3109 907 3192 Domino
935 3133 1021 3180 cum
1043 3109 1256 3182 humilitate
1284 3122 1322 3181 et
1349 3111 1479 3182 multis
1505 3110 1561 3184 la-

203 3219 355 3293 crym1s.
1235 3226 1237 3232 ’

250 3291 342 3378 Item
364 3289 648 3386 cumlacrymis
670 3291 864 3386 proximos
896 3292 1094 3384 monebat,
1121 3305 1159 3364 et
1179 3294 1286 3387 ipsos·
1302 3293 1349 3363 ad
1374 3295 1564 3390 lacrymas»
1579 3307 1696 3361 Eodem..

201 3387 448 3486 provocabat:
466 3384 537 3455 Per
570 3385 776 3456 triennium
792 3441 802 3476 ,
818 3389 1016 3478 ait,nocte
1045 3400 1082 3459 et
1107 3388 1167 3460 die
1197 3414 1273 3458 non
1303 3391 1446 3460 cessavi
1475 3411 1563 3460 cum

201 3483 332 3556 multis
367 3479 572 3577 lacrymis,
610 3503 768 3549 monens
799 3504 1108 3575 unumquemque
1137 3482 1319 3554 vestrtim.
1356 3482 1561 3574 Sequitur:

204 3581 362 3671 Magnus
381 3577 493 3647 fletus
519 3573 641 3666 i'actus
668 3585 734 3645 est.
931 3582 933 3587 '
1104 3663 1108 3670 .

254 3674 346 3743 Item
371 3697 457 3744 curn
482 3670 660 3768 lacrymis
690 3669 873 3742 scribebat
890 3665 1061 3762 epistolas
1080 3689 1165 3739 suas
1184 3693 1192 3737 ε
1212 3691 1262 3738 ex
1276 3666 1395 3738 multa
1412 3667 1566 3740 tribula·
1583 3697 1608 3731 2·
1631 3680 1695 3733 Cor·
1717 3699 1750 3734 a.

205 3768 309 3840 tione
325 3781 361 3840 et
378 3769 550 3862 angustia
576 3765 698 3838 cordis
721 3767 791 3838 scri
820 3766 851 3836 si
873 3763 980 3839 vobis
998 3789 1063 3858 per
1081 3763 1215 3836 multas
1241 3763 1438 3860 lacrymas.
1455 3763 1564 3837 Multi
1582 3763 1698 3832 Philipp.
1715 3765 1748 3817 a

206 3863 463 3955 ambulabant,
482 3887 577 3958 quos
598 3887 694 3956 saepe
711 3792 879 3932 'dicebam
902 3858 1029 3950 vobis,
1051 3884 1155 3932 nunc
1176 3873 1299 3933 autem
1323 3858 1415 3930 flens
1445 3859 1538 3931 dico.

253 3962 302 4032 Et
321 3959 365 4032 ad
389 3961 574 4031 Romanos
593 3959 668 4031 ait:
685 3957 845 4053 Spiritus
862 3953 1026 4054 postulat
1047 3981 1114 4052 pro
1131 3957 1240 4029 vobis
1261 3955 1458 4049 gentitibus
1481 3956 1563 4027 ine-
1580 3973 1657 4022 Rom.
1680 3970 1706 4023 s.

204 4055 464 4130 narrabilibus.
484 4053 591 4126 Tales
611 4065 735 4126 autem
756 4053 915 4148 gemitus
935 4076 1011 4123 non
1035 4051 1156 4124 solent
1177 4077 1255 4124 esse
1276 4049 1478 4144 sineiletu.

254 4151 349 4223 Cum
373 4151 585 4225 advenisset
607 4149 740 4222 Petrus
755 4149 795 4220 in
816 4149 975 4244 Joppen,
995 4148 1320 4221 circumsteterunt
1335 4169 1421 4219 eum
1433 4171 1562 4219 ornnes
1581 4160 1672 4214 Actor.
1691 4175 1727 4229 9.-

203 4247 339 4418 ylppsuap)
348 4243 525 4342 flentens,
541 4257 579 4322 et
597 4243 833 4320 ostendentes
856 4245 894 4321 ei
904 4244 1053 4320 tunicas
1074 4256 1111 4319 et
1132 4255 1268 4338 restes,
1293 4267 1394 4340 quaa
1406 4239 1567 4317 faciebat

342 4365 456 4416 orcas.
