4452 5462
685 397 766 488 300
795 389 1060 483 TITULUS
1080 385 1263 478 CLXIII.
1289 383 1539 502 Superiores
1576 384 1623 458 et
1653 375 1883 496 Principes
1909 405 2024 474 etei

738 616 905 690 Amasias
918 611 989 686 rex
1004 609 1121 703 luda,
1140 609 1230 705 quia
1247 607 1472 704 Prophetam
1492 633 1514 678 a
1529 608 1609 682 Deo
1621 605 1692 678 sibi
1708 605 1873 678 missum
1883 619 2094 684 contensa

690 739 784 787 nens
808 711 935 784 dixit:
957 733 1051 782 num
1079 705 1313 778 consiliarius
1339 705 1435 799 regis
1458 730 1497 776 es
1524 731 1532 774 ι
1557 704 1730 800 quiesce,
1752 727 1802 774 ne
1825 703 2087 778 interficiam

691 822 756 904 te,
780 807 941 883 traditus
966 805 1041 878 suit
1055 805 1097 876 in
1120 826 1254 874 manus
1274 800 1295 871 J
1297 801 1474 894 oasregis
1496 799 1633 892 IsraeI,
1653 797 1833 872 omnibus
1853 800 2088 895 spoliatus,

693 919 730 979 et
754 918 880 1000 postea
900 929 922 974 a
945 902 1022 974 suis
1048 897 1278 974 interfectus.
1352 951 1357 958 .

488 1029 548 1086 tet.
562 1029 605 1084 ss.
740 1001 880 1074 Paulus
897 1001 938 1071 in
956 995 1112 1070 concilio
1130 1019 1181 1068 ex
1194 994 1352 1090 imperio
1373 995 1512 1069 summi
1528 988 1746 1066 'sacerdotis'
1768 991 1922 1066 Ananiae
1944 993 2078 1090 alapa

689 1122 889 1196 percussus
901 1095 1001 1168 dixit
1019 1091 1065 1164 ad
1085 1117 1192 1165 eum:
1209 1093 1392 1186 percutiet
1407 1103 1445 1163 te
1463 1093 1583 1180 Deus,
1597 1088 1720 1183 paries
1741 1084 1921 1160 dealbate.
1944 1092 2002 1162 Et
2017 1104 2076 1163 tu

577 1255 583 1263 .
691 1195 822 1266 sedens
849 1190 993 1286 judicas
1016 1215 1075 1262 me
1102 1181 1309 1261 seemsdum
1336 1188 1480 1286 legem,
1501 1200 1539 1259 et
1559 1196 1691 1258 contra
1719 1182 1838 1278 legem
1861 1185 1972 1279 jubes
1999 1207 2073 1258 me

689 1289 845 1384 percuti.
869 1288 1035 1360 Monitus
1059 1296 1205 1377 autem,
1233 1284 1335 1381 quod
1354 1287 1402 1358 sit
1431 1307 1601 1357 summus
1620 1279 1812 1370 sacerdos,
1834 1279 2069 1377 respondit:

690 1385 917 1474 nesciebam,
944 1381 1106 1474 fratres,
1133 1382 1223 1477 quia
1243 1382 1416 1479 princeps
1434 1391 1491 1452 est
1511 1375 1757 1452 sacerdotum.
1785 1375 1972 1472 Scriptum
1999 1385 2070 1452 est

691 1483 792 1554 enim
819 1505 827 1551 :
859 1479 1067 1578 principem
1092 1477 1222 1578 populi
1248 1478 1308 1551 tui
1333 1503 1413 1553 non
1434 1473 1644 1553 maledices.

990 1733 992 1742 '
1060 1652 1395 1864 mrunui
1439 1773 1688 1861 cnxur.

813 1909 1053 2024 Superiores
1085 1927 1126 1991 et
1152 1909 1373 2025 Principes
1407 1912 1625 1996 seculares
1661 1907 1905 1992 honorandi.

488 675 515 713 a·
533 657 591 713 Par.
609 655 652 711 25.

555 2127 563 2146 ·
615 2128 622 2145 ·
695 2039 820 2173 Cum
836 2098 982 2210 Pharao
999 2125 1070 2192 rex
1085 2103 1237 2201 AEgypti
1248 2100 1387 2202 Ioseph
1399 2128 1511 2202 super
1529 2116 1655 2178 totum
1670 2131 1783 2182 suum
1793 2129 1951 2202 regnum
1962 2125 2054 2176 eou-·

697 2201 890 2288 stitueret,
906 2193 1031 2270 dixit:
1051 2197 1270 2294 absquetuo
1289 2201 1448 2298 imperio
1460 2201 1588 2274 nullus
1608 2203 1776 2280 movebit
1803 2228 1956 2274 manum
1988 2209 2054 2270 aut

693 2291 826 2390 pedem
843 2293 884 2364 in
896 2292 1076 2368 universa
1091 2295 1134 2368 AE
1212 2309 1262 2370 to.
1274 2297 1323 2370 Et
1332 2297 1472 2372 iterum
1486 2323 1493 2367 :
1511 2296 1559 2370 ad
1574 2298 1650 2371 oris
1661 2302 1720 2374 tui
1732 2300 1930 2396 imperium
1942 2319 2053 2370 cunc·

694 2400 757 2462 tus
782 2388 930 2462 obediet
957 2320 1360 2490 populusgi‘lraraone
1389 2391 1477 2466 dein
1495 2394 1674 2490 jubente,
1702 2395 1978 2470 circumductus
1996 2399 2053 2462 est

695 2483 834 2581 Joseph
848 2511 915 2581 per
935 2498 1052 2560 totam
1064 2491 1268 2587 AEgyptum
1291 2514 1300 2559 t
1321 2501 1358 2562 et
1378 2515 1509 2568 omnes
1527 2513 1652 2565 coram
1673 2519 1718 2565 eo
1733 2491 2053 2589 genuflectebant.

746 2581 841 2654 Cum
860 2581 930 2654 filii
951 2583 1067 2657 lsrael
1083 2598 1167 2682 post
1191 2598 1350 2659 mortem
1373 2588 1515 2685 Moysis
1538 2590 1764 2685 accepissent
1786 2589 1898 2661 Josue
1924 2586 1966 2658 in
1983 2584 2056 2656 du-

697 2701 777 2750 cem
803 2689 840 2749 et
891 2679 1099 2776 rincipem,
1129 2680 1310 2755 dixerunt
1340 2682 1386 2778 ad
1414 2707 1528 2756 eum:
1560 2685 1686 2758 omnia
1698 2741 1708 2778 ,
1733 2708 1817 2780 quse
1843 2681 2055 2777 praecepisti

695 2775 803 2846 nobis
821 2829 831 2865 ,
854 2705 1064 2871 eiciemus,
1089 2790 1126 2852 et
1148 2803 1375 2876 quocunque
1397 2780 1564 2872 miseris,
1589 2781 1733 2874 ibimus.
1753 2779 1826 2866 Qui
1848 2801 1924 2846 non
1955 2775 2050 2844 obe-

697 2869 809 2940 dierit
836 2875 981 2942 cunctis
1010 2876 1275 2964 sermonibus,
1298 2901 1392 2968 quos
1415 2875 1625 2972 praeceperis
1647 2875 1700 2967 ei,
1726 2871 1915 2944 moriatur.

499 2983 522 3016 ¹·
543 2967 605 3034 11⁸s·
616 2969 661 3033 al·
702 3053 708 3066 Ι
745 2963 890 3065 Dpvid,
914 2962 1002 3063 licet
1025 2965 1105 3053 {jam
1134 2978 1273 3038 unctus
1300 2970 1342 3041 in
1363 2997 1505 3067 regem,
1532 2969 1674 3043 Saulem
1697 2980 1848 3056 tamen,
1869 2963 2048 3058 quamvis

698 3075 855 3148 impium
891 3051 1036 3152 sibique
1063 3058 1267 3156 infestum,
1297 3067 1387 3159 quia
1412 3079 1538 3141 tamen
1574 3091 1646 3140 rex
1682 3075 1758 3138 erat
1774 3119 1784 3158 ,
1800 3083 1960 3155 semper
1994 3067 2050 3129 est

700 3174 933 3248 summopere
951 3156 1158 3250 reveritus,
1181 3160 1291 3254 eique
1314 3163 1491 3240 obedivit.

441 3255 443 3262 '
498 3254 522 3288 ²·
539 3239 602 3306 ¹³⁰⁸·
623 3236 663 3290 ¹⁸·
729 3245 841 3356 ‘Cum
864 3245 1008 3342 rebellis
1027 3251 1128 3326 filius
1147 3253 1310 3329 Absalon
1331 3261 1371 3331 in
1389 3284 1514 3359 pugna
1539 3271 1669 3332 contra
1687 3269 1830 3356 patrem
1857 3277 1967 3328 suum
1982 3253 2053 3322 Da-

698 3341 790 3436 vid,
813 3369 1055 3442 quemregno
1071 3349 1256 3448 expellere
1271 3356 1493 3449 conabatur,
1510 3356 1635 3432 victus
1658 3355 1701 3428 Iu
1725 3366 1824 3443 eret,
1845 3363 1883 3424 et
1906 3347 2052 3420 cesarie

699 3463 767 3513 sua
788 3443 900 3516 rantis
943 3444 1053 3516 atulae
1074 3447 1234 3542 quereris
1249 3448 1438 3544 implexus
1458 3451 1639 3544 hereret,
1657 3381 1946 3544 miiesquidam,
1963 3468 2051 3540 pen·

698 3534 846 3648 dentem
869 3468 1026 3632 videns,
1052 3542 1262 3616 interficere
1290 3545 1434 3641 noluit,
1463 3550 1552 3645 quia
1570 3550 1665 3644 regis
1692 3547 1917 3634 filiuserat,
1951 3552 1987 3612 et
2010 3549 2052 3608 ut

697 3657 732 3705 er
759 3647 993 3730 parceretur,
1016 3663 1037 3709 a
1059 3639 1153 3734 Rege
1170 3639 1293 3714 David
1320 3657 1549 3740 praeceptum
1572 3657 1661 3717 erat.

495 3723 625 3812 msere.
745 3731 925 3827 Praecepit
937 3757 1006 3806 rex
1019 3735 1330 3808 AssuerusAman
1342 3741 1464 3834 primo
1473 3741 1578 3835 regni
1589 3740 1753 3836 principi
1767 3749 1802 3810 et
1815 3735 1909 3808 aulae
1923 3733 2054 3804 minis-

694 3838 777 3919 tro,
803 3840 846 3901 ut
869 3827 1145 3904 Mardoclrseum
1166 3831 1188 3902 J
1191 3830 1338 3905 udaeum
1362 3836 1547 3930 regalibus
1562 3836 1732 3910 vestibus
1751 3841 1920 3907 ornatum
1945 3825 2055 3920 ruglo¹

696 3946 793 4016 equo
818 3925 1047 4019 imponeret,
1067 3933 1120 4000 sic
1143 3953 1229 4000 eum
1250 3953 1317 4022 per
1339 3931 1529 4004 civitatem
1552 3931 1765 4022 deduceret,
1785 3940 1893 4022 atque
1918 3921 2055 3993 clama-

694 4029 752 4089 ret
774 4043 782 4086 :
808 4019 877 4090 hoc
894 4020 1035 4094 honore
1053 4023 1259 4118 condignus
1275 4037 1352 4116 est,
1380 4051 1645 4123 quemcunque
1663 4051 1734 4099 rex
1749 4020 1914 4098 voluerit
1935 4017 2059 4088 hono,

695 4137 787 4186 rare.
799 4116 878 4188 Hoc
896 4117 1114 4190 mandatum
1131 4122 1648 4219 Arnanreverenteraccepit,
1664 4134 1701 4192 et
1719 4122 1798 4193 sine
1810 4115 1889 4188 ulla
1904 4125 2060 4185 contra-

696 4206 857 4283 dictione
875 4226 1056 4285 executus
1073 4226 1149 4306 est,
1166 4213 1252 4287 lieet
1271 4229 1366 4289 esset
1378 4217 1602 4290 Mardocheei
1621 4213 1898 4290 infensissimus
1919 4206 2049 4280 hostis.

494 4333 643 4405 ussum,
744 4306 918 4380 Christus
929 4309 1113 4383 Dominus
1124 4311 1384 4406 capharnaum
1393 4315 1549 4388 veniens
1561 4339 1647 4386 cum
1660 4307 1851 4408 discipulis
1864 4305 2055 4379 tributum

527 4403 569 4452 ²³·
694 4401 846 4501 pendit,
868 4429 946 4476 non
965 4405 1067 4503 quod
1089 4419 1184 4480 esset
1205 4409 1288 4506 jure
1312 4408 1512 4506 obligatus,
1535 4408 1600 4482 ssd
1621 4435 1670 4484 ne
1694 4403 1911 4484 scandalum
1934 4399 2051 4472 darel-
