4464 5464
195 405 462 496 TITULUS
494 404 623 491 CXL.
662 404 888 520 Principes
920 425 963 490 et
994 403 1252 520 superiores,
1277 405 1395 491 mali.
1430 407 1506 516 adr

27 621 35 657 ³
146 639 210 734 qui
235 639 315 712 ibat
337 636 560 712 circumiens
583 633 716 710 Bethel
737 648 775 709 et
795 633 947 732 Galgala
969 647 1007 708 et
1029 633 1223 730 Masphat,
1262 646 1300 708 et
1320 631 1512 731 judicabat

145 734 267 807 lsra'el.
295 737 345 808 Et
372 735 458 832 quis
480 733 553 808 hoc
576 759 746 832 unquam
772 732 963 823 exercuit,
982 732 1079 806 siout
1108 731 1271 824 Paulus,
1291 731 1359 828 qui
1388 731 1434 801 ab
1454 730 1512 802 Je-
1529 759 1606 811 nom.
1636 761 1675 816 ,5,

14 839 31 866 ”
144 831 306 906 rusalem
333 857 455 930 usque
482 830 529 902 ad
553 829 730 903 ultimum
757 855 858 904 mare
878 829 1038 926 replevit
1066 828 1314 922 Evangelium
1344 826 1513 901 Christi?
1533 857 1556 891 ι.
1579 841 1642 895 cor.
1660 863 1688 914 9.

15 936 22 976 Γ
146 927 330 1028 Ita,quod
352 930 472 1002 vitam
497 951 602 999 suam
628 925 829 1022 quemdam
845 950 998 1000 cursum
1021 927 1244 1000 nominavit.
1262 927 1311 997 Et
1333 925 1382 996 sit
1400 947 1513 998 curro
1530 939 1558 977 ²·
1584 926 1656 979 rim.
1683 928 1710 998 l·

14 1033 19 1052 ’·
145 1047 224 1098 non
261 1025 370 1123 quasi
402 1026 445 1096 in
480 1025 680 1098 incertum.
716 1024 766 1094 Et
801 1023 971 1094 iterum:
1000 1023 1162 1096 Cursum
1191 1021 1463 1094 consummavi.

193 1122 288 1194 Item
320 1120 425 1192 decet
459 1118 719 1214 delinquentes
750 1130 788 1220 et
814 1128 1104 1212 transgressores
1130 1118 1289 1214 punire,
1305 1117 1403 1189 sicut
1425 1114 1514 1192 lecit
1531 1123 1617 1176 ΕΜ·
1635 1126 1677 1178 ³²·

145 1219 320 1312 Moyses,
337 1212 488 1308 quando
517 1214 677 1310 populus
706 1209 873 1290 vitulum
906 1214 1131 1286 conflatilem
1157 1212 1339 1288 adoravit.
1374 1214 1417 1284 ln
1442 1212 1514 1286 hac

145 1310 258 1380 etiam
269 1319 375 1405 parte
389 1309 529 1383 Paulus
552 1310 742 1406 negligens
760 1332 839 1380 non
859 1322 958 1401 erat,
969 1308 1032 1382 sed
1048 1309 1217 1381 dicebat:
1237 1311 1351 1382 Arma
1371 1310 1515 1384 militiae

13 1425 15 1466 ;
146 1415 286 1476 nostrae
319 1429 397 1478 non
432 1419 522 1478 sunt
553 1407 738 1500 carnalia,
761 1403 825 1477 'sed
850 1406 1019 1504 potentia
1044 1408 1124 1478 Deo
1155 1417 1222 1478 etc.
1251 1405 1452 1502 Sequitur:
1470 1409 1516 1480 In
1533 1415 1559 1451 ²·
1584 1402 1647 1454 ΕΜ·
1675 1421 1714 1458 ¹0·

146 1511 323 1595 promptu
353 1499 536 1576 habemus
563 1501 771 1577 vindictam
805 1500 985 1577 adversus
1022 1526 1174 1574 omnem
1211 1501 1514 1575 inobedientiam.
1536 1505 1559 1540 ¹·
1586 1490 1649 1545 0⁰¹·
1670 1494 1696 1560 4·

144 1597 322 1762 {litigabam
348 1597 456 1689 virga
484 1601 636 1672 veniam
663 1599 710 1671 ad
732 1623 826 1692 vos,
847 1624 897 1670 an
918 1601 960 1673 iu
982 1597 1164 1672 charitate
1190 1608 1228 1670 et
1257 1597 1393 1694 spiritu
1417 1599 1515 1673 leni*

61 1865 65 1872 ‚
191 1786 286 1856 Item
300 1785 425 1858 bonus
444 1781 620 1880 praelatus
636 1787 746 1862 debet
768 1800 1010 1864 contumaces
1024 1788 1070 1860 de
1084 1788 1247 1885 populo,
1261 1799 1300 1859 et
1316 1789 1513 1883 pestiferos
1533 1808 1614 1861 Num.
1639 1809 1680 1866 se
1725 1875 1729 1882 ,

144 1880 356 1976 extirpare:
379 1881 476 1952 siout
494 1875 583 1950 fecit
601 1889 750 1981 Moyses
766 1887 813 1958 de
832 1885 942 1979 Core,
954 1897 991 1958 et
1005 1883 1085 1978 his,
1097 1885 1167 1980 qui
1180 1882 1421 1958 adhaeserunt
1435 1883 1511 1958 illi:

146 1975 225 2070 Tu,
238 1977 384 2072 inquit,
400 1985 437 2046 et
457 1974 579 2047 omnis
602 1983 836 2075 congregatio
857 1991 925 2050 tua
947 1991 1041 2051 state
1062 2003 1240 2051 seorsum.
1253 1979 1396 2050 Deinde
1413 1981 1516 2054 dixi-t

16 2145 22 2154 ‚
145 2068 192 2142 ad
224 2071 314 2145 alios
334 2097 342 2141 :
365 2068 535 2146 Recedite
562 2093 586 2140 a
614 2074 867 2149 tabernaculis
893 2072 1031 2146 horum
1064 2073 1266 2145 hominum
1298 2073 1512 2168 impiorum.

143 2167 284 2242 Paulus
311 2167 357 2241 de
382 2167 470 2260 illo,
517 2167 558 2238 ui
585 2171 735 2245 tenebat
760 2193 963 2245 novercam
991 2192 1119 2261 suam,
1140 2169 1221 2240 ait:
1244 2169 1323 2263 Ego
1344 2166 1514 2266 judicavi
1536 2201 1559 2236 ι.
1582 2186 1647 2244 cor.
1671 2191 1698 2246 s.
1822 2183 1826 2190 '

143 2263 289 2339 tradere
314 2193 537 2363 hujusmodi
573 2263 746 2340 Sathanae
769 2270 814 2339 in
838 2268 1035 2338 interitum
1063 2265 1196 2337 carnis.
1231 2267 1281 2336 Et
1304 2277 1390 2359 post
1409 2291 1417 2334 ε
1436 2269 1514 2338 Ex·
1565 2293 1567 2298 ·

142 2375 298 2458 purgate
322 2375 433 2439 vetus
455 2359 696 2438 fermentum.
731 2364 985 2462 Hymenaeum
1011 2371 1049 2432 et
1070 2358 1331 2432 Alexandrum
1357 2359 1513 2433 tradidit
1535 2394 1560 2430 t·
1579 2379 1687 2436 rima.

146 2449 341 2553 Sathanie,
362 2467 407 2533 ut
441 2457 627 2532 discerent
660 2487 739 2534 non
779 2456 1047 2556 blasphemare.

192 2553 385 2648 Postremq
418 2554 528 2628 debet
559 2579 627 2652 pro
659 2556 849 2631 universis
887 2580 1015 2646 orare,
1033 2553 1133 2632 sicut
1159 2552 1319 2625 faciebat
1350 2555 1511 2651 Moyses.
1532 2551 1618 2606 Eros.
1638 2557 1681 2608 ³²·

142 2651 179 2724 ls
205 2652 334 2725 orabat
355 2653 572 2725 Dominum.
606 2655 654 2726 Et
677 2652 827 2740 Samuel
844 2677 852 2721 :
869 2650 966 2723 absit
992 2676 1016 2722 a
1049 2672 1108 2723 me
1136 2648 1214 2722 hoo
1231 2659 1446 2745 peccatum,
1468 2661 1513 2723 ut
1536 2669 1558 2702 ¹·
1584 2657 1647 2724 aeg.
1672 2669 1716 2708 ¹²·

145 2771 285 2820 cessem
311 2749 416 2822 orare
443 2773 514 2842 pro
537 2749 661 2823 vobis.
769 2803 772 2808 -

191 2843 270 2917 Hoc
286 2857 412 2918 autem
434 2844 575 2917 Paulus
594 2843 879 2940 diligentissime
902 2842 1132 2938 adimplevit.
1166 2841 1253 2914 Sine
1273 2841 1646 2914 intermissione-1.

143 2963 192 3011 ne
213 2937 430 3014 memoriam
454 2940 571 3015 vestri
586 2939 685 3015 facio
702 2965 847 3038 semper
864 2943 905 3014 in
923 2938 1157 3012 orationibus
1174 2938 1278 3008 meis.
1292 2935 1513 3008 EtThessal
1533 2974 1559 3009 2.
1572 2959 1664 3010 rhea.
1677 2975 1699 3008 t.

145 3035 304 3104 Oramus
325 3053 468 3126 semper
490 3063 560 3128 pro
577 3039 685 3110 vobis
699 3090 712 3126 ,
727 3049 772 3110 ut
786 3039 889 3110 Deus
908 3035 1085 3131 dignetur
1095 3057 1167 3105 vos
1182 3055 1318 3107 vocare
1330 3041 1404 3102 etc..
1418 3031 1516 3104 Item

146 3123 219 3194 hoo
237 3124 362 3217 ipsum
376 3125 458 3194 fieri
474 3126 717 3216 hortabatur,
733 3129 861 3196 dicens
881 3155 888 3193 ε
910 3133 1096 3214 Obsecro,
1118 3137 1163 3196 ut
1179 3138 1266 3197 ante
1282 3126 1410 3197 omnia
1420 3126 1515 3200 fiant
1535 3149 1558 3184 ¹·
1585 3133 1657 3186 riu.
1677 3147 1702 3182 ²·

148 3217 423 3315 deprecationes
452 3241 523 3320 pro
550 3219 726 3291 omnibus
762 3218 1007 3330 hominibus,
1022 3241 1091 3312 pro
1123 3218 1274 3314 regibus
1302 3228 1369 3288 eto.

461 3459 464 3466 ’
564 3435 896 3532 TITULUS
946 3437 1101 3524 CXL..

485 3625 705 3758 Prrircipes
728 3609 777 3726 'et-
804 3637 1037 3748 superiores
1068 3637 1184 3724 mali.

147 3783 354 3938 Praecepit
380 3835 566 3910 Dominus
593 3834 744 3934 Moysi,
759 3829 887 3906 dicens
906 3857 913 3903 :
934 3827 1037 3904 Tolle
1056 3839 1212 3901 cunctos
1237 3827 1423 3929 principes
1448 3851 1516 3931 po-
1534 3878 1614 3934 Num.
1637 3879 1679 3937 nt.

148 3937 251 4038 puli,
271 3948 308 4010 et
337 3932 522 4031 suspende
548 3956 610 4005 eos
640 3941 771 4005 contra
800 3930 918 4001 solem
948 3924 991 3998 in
1020 3924 1241 4020 patibuhrm.
1342 3969 1345 3978 ·

198 4031 307 4106 Dixit
316 4037 466 4130 Moyses
482 4026 529 4100 ad
544 4029 669 4102 Aaron
687 4053 694 4098 :
713 4024 814 4116 Quid
833 4025 903 4098 tibi
919 4021 1007 4096 fecit
1027 4019 1090 4094 hic
1107 4021 1290 4119 populus„
1306 4034 1351 4097 ut
1365 4024 1515 4101 induce-
1533 4067 1618 4122 exoa.
1642 4070 1683 4139 ,4

150 4156 210 4207 res
222 4153 335 4224 super
348 4153 433 4200 eum
446 4135 641 4224 peccatum
658 4119 905 4198 maximum?
919 4118 1052 4220 (quasi
1068 4117 1233 4216 diceret)
1251 4118 1414 4195 Multum
1430 4149 1516 4218 pec·
1742 4121 1747 4128 ’

150 4233 210 4300 cat
222 4223 397 4320 praelatus
407 4225 447 4296 in
460 4219 811 4316 subditos,quando
824 4243 953 4292 eorum
965 4239 1091 4311 pravae
1103 4238 1145 4285 ac
1173 4216 1304 4288 uiescit
1315 4218 1514 4292 voluntati.

200 4319 298 4400 Male
311 4318 491 4422 corripuit
508 4317 592 4394 Hel
606 4316 703 4394 filios
721 4341 825 4413 suoS,
851 4311 952 4414 quod
963 4309 1127 4394 multum
1138 4241 1328 4418 displicuit
1342 4315 1523 4391 Domino..
1537 4355 1567 4391 ι..
1583 4340 1646 4409 aeg.
1671 4357 1697 4393 ι.
