4464 5464
206 415 323 516 Τ1Τ.
375 409 608 512 CXXXIX.
647 419 872 540 Principes
914 444 958 510 et
993 425 1253 542 superiores,
1279 415 1365 510 etr.⁴
1430 423 1514 539 259'

153 655 213 732 Ius
235 667 360 730 autem
376 657 472 729 miro
488 654 599 728 modo
614 678 657 725 ea
678 651 875 727 dilectione
903 654 1084 730 fervebat.
1107 655 1218 728 Unde
1248 655 1418 728 dicebat:
1436 657 1515 750 Ego

61 825 66 834 ,
152 754 396 826 libentissime
411 753 623 850 impendam
646 761 682 822 et
701 750 1007 848 superimpendar
1024 755 1104 848 ipse
1125 756 1193 848 pro
1215 752 1411 825 animabus
1429 776 1518 824 ves-

150 851 247 921 tris:
267 848 353 922 licet
409 851 469 920 Ius
496 872 565 922 vos
593 843 748 938 diligens
779 847 906 920 minus
936 846 1069 944 diligar
1098 874 1120 919 a
1140 850 1260 925 vobis.
1280 849 1329 922 Et
1355 847 1403 921 ad
1425 845 1632 932 Phi-Philip.
1656 863 1682 928 4.

151 943 289 1040 lippen.
317 948 350 1038 4.
377 877 525 1016 Xratres
547 941 622 1013 mei
652 939 861 1028 charissimi
887 956 955 1016 etc.

202 1043 344 1113 Iterum
360 1041 468 1112 debet
484 1041 525 1109 in
542 1063 586 1107 oo
603 1061 681 1106 esse
694 1039 846 1130 scientia
858 1042 1061 1136 scriptura.
1084 1041 1359 1134 Eligitelumen
1372 1040 1514 1135 sapien·
1531 1050 1645 1104 Ibidem·

153 1136 250 1226 tiae,
273 1135 349 1206 uod
366 1134 481 1230 prosit
495 1131 659 1227 populis,
675 1131 843 1226 alioquin
854 1135 1041 1227 quomodo
1056 1149 1178 1232 posset
1189 1138 1328 1232 lepram
1342 1161 1452 1208 anon
1467 1136 1517 1208 Ie·
1531 1121 1591 1188 ⁸³¹³·
1617 1119 1644 1168 ⁶·
1667 1207 1669 1212 ,

113 1321 114 1324 ¹
182 1255 225 1300 ra
242 1162 469 1314 discernere,
485 1227 546 1299 vel
566 1229 804 1298 commissum
823 1229 892 1298 sibi
912 1230 1090 1325 populum
1110 1231 1307 1326 judicare?
1327 1235 1712 1328 Ipsever01.c01.2.s.

155 1255 299 1394 lautus
317 1323 363 1410 de
380 1322 520 1394 divinis
539 1336 575 1394 et
592 1321 769 1394 humanis
781 1323 1130 1398 excellentissimam
1144 1329 1393 1420 cognitionem
1406 1327 1519 1399 habe·

155 1419 241 1506 bat,
257 1419 338 1509 qui.
353 1417 520 1512 parvulis
547 1420 588 1490 in
617 1417 767 1489 Christo
791 1417 847 1488 lac
871 1433 1001 1514 potum
1021 1422 1150 1513 dabat,
1167 1434 1202 1494 et
1218 1426 1317 1495 inter
1362 1421 1517 1495 erfectos
1723 1485 1729 1496 ,

158 1514 377 1608 sapientiam
397 1513 637 1606 qurrebatur.
658 1513 804 1609 Quippe
827 1517 893 1608 qui
921 1515 993 1587 fuit
1016 1529 1144 1612 raptus
1162 1543 1283 1612 usque
1301 1543 1323 1588 a
1363 1517 1517 1594 tertium
1532 1513 1561 1608 '2-
1574 1525 1638 1577 Cor·
1657 1535 1699 1602 Ψ·

158 1609 318 1698 coelum,
337 1619 374 1678 et
398 1607 544 1680 audivit
573 1633 708 1678 areana
735 1610 868 1708 verba,
893 1637 977 1704 qnae
1004 1637 1078 1682 non
1109 1612 1194 1684 licet
1228 1612 1374 1684 homini
1402 1613 1518 1708 loqui.
1674 1623 1676 1633 '

205 1707 266 1775 Ex
281 1727 406 1774 amore
425 1728 524 1775 vero.
535 1703 794 1792 subditorum,
815 1721 852 1775 et
866 1709 999 1778 notitia
1022 1709 1291 1800 scripturarum
1309 1707 1520 1796 sollicitudo
1537 1731 1615 1778 nom.
1629 1735 1669 1774 n.

157 1799 198 1870 in
215 1797 435 1892 praesidente
455 1811 652 1890 causatur,
669 1800 893 1894 quipraeest
911 1801 949 1870 in
973 1801 1232 1872 sollicitudine.
1256 1801 1341 1889 Qua
1367 1801 1521 1897 quidem

108 1983 112 1986 ,
159 1891 409 1969 sollicitudine
422 1893 560 1962 Paulus
573 1917 659 1983 erga
668 1898 862 1984 proximos
878 1895 1135 1967 ardentissime
1153 1895 1396 1988 fungebatur,
1412 1923 1522 1992 prop·
1538 1928 1564 1963 2.
1583 1909 1646 1962 cor.
1660 1921 1701 1957 rr·

159 2000 219 2060 ter
244 1986 345 2082 quod
371 1988 596 2057 ait:Praeter
621 1986 686 2056 illa
714 2012 799 2080 quas
827 1992 1060 2058 extrinsecus
1094 1992 1403 2079 sunt,instantia
1439 2015 1523 2062 mea

161 2082 403 2178 quotidiana,
421 2079 631 2152 sollicitudo
650 2081 820 2152 onmium
838 2081 1097 2153 scelestarum.
1130 2086 1224 2154 Item
1246 2096 1284 2154 et
1305 2085 1394 2155 alibi
1407 2084 1523 2153 :Volo
1541 2092 1641 2167 coloss.
1656 2105 1682 2139 π.
1713 2077 1734 2134 '.

161 2201 232 2251 vos
260 2179 352 2250 scire
375 2177 523 2272 qualem
542 2175 828 2247 sollicitudinem
850 2176 1003 2248 habeam
1020 2203 1088 2272 pro
1109 2178 1228 2252 vobis.
1255 2181 1317 2251 'Ex
1337 2177 1524 2274 praedictis

162 2275 285 2346 tribus
308 2273 417 2344 debet
444 2273 551 2366 sequi
581 2271 782 2341 instructio
807 2271 1077 2364 imperitorum.
1108 2272 1220 2343 Unde
1242 2276 1428 2369 promittit
1448 2274 1525 2346 Do·
1544 2287 1640 2336 serem.
1662 2283 1687 2332 3.

162 2371 290 2442 minus
313 2368 446 2450 Jerem.
473 2367 505 2438 3.
525 2367 631 2438 Dabo
651 2365 760 2438 vobis
782 2377 947 2460 pastores
968 2368 1080 2460 juxta
1103 2389 1166 2438 cor
1188 2393 1337 2462 meum,
1353 2370 1419 2462 qui
1440 2363 1526 2462 passs
1544 2369 1571 2471 {j
1584 2351 1708 2466 ffl‘ss'

164 2476 251 2536 cent
270 2491 338 2538 vos
360 2463 514 2535 scicntia
534 2475 571 2534 et
591 2461 771 2534 doctrina.
791 2463 840 2533 Et
855 2463 967 2557 juxta
989 2459 1045 2551 id,
1062 2461 1163 2558 quod
1184 2462 1284 2534 dixit
1295 2465 1526 2536 Artaxerxes

162 2560 292 2632 Esdrae
305 2573 341 2632 et
352 2559 543 2654 jndicibus
554 2557 683 2656 populi
697 2581 703 2625 :
717 2559 913 2652 Imperitos
930 2556 1058 2630 docete
1069 2557 1194 2630 libere.
1218 2561 1267 2630 Et
1278 2558 1350 2630 hoc
1362 2557 1528 2654 profecto

163 2655 301 2750 liquet,
317 2655 405 2728 fecit
423 2655 582 2728 Paulum
603 2652 791 2725 doctorem
811 2654 999 2748 gentium,
1015 2654 1214 2748 qui'verbo
1237 2655 1299 2728 vel
1318 2656 1454 2749 scripto
1466 2654 1529 2725 do-
1574 2733 1577 2739 ,

164 2751 243 2822 cuit
258 2754 479 2825 universum
496 2751 693 2824 mundum.
715 2749 855 2821 Doctor
874 2743 1042 2842 gentiu'm
1060 2751 1102 2820 in
1121 2748 1194 2820 fide
1221 2761 1257 2822 et
1279 2751 1448 2823 veritate.
1479 2751 1529 2823 Et

163 2873 198 2920 a.
230 2847 399 2919 Corinth.
412 2841 593 2919 ‘secundo
607 2871 615 2915 :
629 2844 793 2916 Odorem
819 2847 964 2918 notitioe
993 2869 1070 2917 suae
1097 2846 1198 2918 Deus
1223 2871 1290 2956 per
1318 2871 1388 2917 nos
1412 2847 1531 2924 mani·
1548 2870 1574 2907 2·
1592 2850 1656 2903 Cor.
1670 2839 1719 2898 n·

164 2943 275 3016 festat
304 2945 347 3015 in
378 2945 483 3016 omni
515 2943 597 3016 loco
626 2952 693 3012 etc.
731 2941 779 3011 Et
809 2939 855 3010 ad
886 2940 968 3010 herc
998 2943 1083 3104 (dms
1116 2954 1194 3012 tam
1224 2939 1416 3012 rdoneus?

214 3038 333 3104 Debet
363 3045 475 3108 etiam
504 3040 626 3108 bonus
656 3034 832 3127 praelatus
862 3035 983 3108 officia
1028 3036 1059 3107 is
1086 3038 1319 3108 onereinter
1342 3035 1709 3128 subditos,1·.cor·=1·

168 3138 209 3198 et
238 3125 434 3195 ordinare:
453 3129 550 3196 sicut
581 3133 752 3216 Moyses,
772 3128 841 3214 qui
870 3130 1026 3195 consilio
1072 3130 1181 3197 ethro
1207 3132 1374 3199 instituit
1398 3132 1438 3200 in
1462 3157 1530 3223 po-
1548 3109 1634 3164 Exod.
1657 3107 1694 3210 ¹⁸f

170 3219 263 3318 pulo
303 3216 550 3289 Centuriones
582 3215 893 3308 quadragenarios
927 3229 964 3286 et
999 3216 1168 3288 decanos.
1211 3222 1350 3292 Paulus
1381 3247 1533 3317 quoque

169 3319 214 3391 in
254 3312 417 3385 E'cclesia
459 3309 594 3381 similia
635 3305 801 3378 faciebat.
840 3307 997 3400 Caete'ra,
1034 3335 1122 3382 curn
1145 3335 1306 3402 venero,
1323 3315 1531 3408 disponam.

171 3415 329 3505 Propter
366 3405 468 3504 quod
505 3402 650 3475 dicebat
693 3402 809 3474 Tito:
835 3403 958 3498 Hujus
1002 3406 1057 3475 rei
1095 3407 1212 3500 gratia
1255 3407 1392 3502 reliqui
1422 3419 1462 3478 te
1491 3409 1646 3478 insit-1·

109 3527 113 3536 “
173 3509 306 3596 Creta,
328 3519 394 3597 ut,
415 3525 499 3597 quae
525 3499 682 3586 desunt,
702 3521 830 3592 pergas
854 3499 1057 3590 corrigere,
1077 3513 1114 3570 et
1147 3502 1352 3573 constituas
1385 3499 1535 3598 oppida·
1579 3549 1597 3574 .

174 3603 245 3684 tim
279 3601 389 3694 presb
420 3612 542 3682 teras,
566 3595 662 3666 sicut
695 3617 762 3686 ego
794 3593 865 3663 tibi
902 3591 1129 3664 ordinaram.
1649 3601 1656 3614 “·
1701 3658 1703 3669 ,

226 3698 320 3768 Item
344 3626 453 3767 debet
504 3690 729 3764 usillaninres
760 3700 799 3760 et
820 3689 971 3760 timidos
993 3690 1181 3777 animare,
1201 3688 1298 3762 sient
1321 3690 1410 3762 fecit
1429 3694 1538 3786 Moy·
1554 3690 1638 3758 Esou.
1660 3691 1699 3757 Ι1·
1784 3765 1786 3774 1

181 3817 262 3882 ses,
286 3789 438 3887 quando
470 3719 569 3859 dixit
600 3785 736 3881 populo
764 3786 1000 3878 pavescenti:
1024 3783 1145 3858 Nolite
1175 3786 1329 3879 timere,
1353 3787 1537 3858 Dominus

179 3915 231 3986 pu
258 3890 362 3960 nabit
400 3912 469 3983 pro
500 3883 618 3958 vobis.
662 3885 709 3952 Et
747 3880 820 3953 hou
860 3881 989 3976 utique
1022 3883 1163 3954 Paulus
1196 3884 1334 3975 optime
1367 3881 1537 3953 faciebat.

180 3914 365 4078 Ephesios
400 3981 435 4055 6.
471 3977 744 4052 Consortamini
774 3979 815 4048 in
833 3978 1014 4049 -Domino
1039 3989 1078 4048 et
1109 3980 1165 4049 in
1189 3981 1355 4072 potentia
1383 3976 1538 4052 virtutis

179 4083 287 4176 eiua,
310 4090 347 4149 et
362 4077 508 4150 induite
530 4101 597 4146 vos
619 4085 845 4144 armaturam
871 4073 940 4143 Dei
966 4086 1034 4144 etc.
1059 4074 1177 4146 Item:
1199 4073 1405 4168 Recogitate
1420 4079 1539 4165 eum,
1557 4083 1638 4134 Hebe·
1658 4096 1695 4134 n.

185 4180 253 4274 qui
285 4174 398 4246 talem
426 4170 607 4244 sustinuit
643 4193 664 4237 a
691 4168 947 4262 peccatoribus
976 4169 1155 4242 adversus
1188 4171 1428 4266 semetipsum
1450 4193 1541 4242 con-

183 4270 465 4361 tradictionem,
490 4279 534 4340 ut
563 4289 641 4337 non
670 4259 878 4359 fatigemini
903 4264 1038 4336 animis
1062 4267 1197 4338 vestris
1219 4264 1445 4356 deficientes,

1061 4360 1194 4434 Kkn
