4310 5472
292 391 562 483 TTITULUS
593 391 741 485 XLlll.
775 394 974 486 Dilectio
1004 397 1206 481 Proximi.
1379 397 1440 476 81-

101 523 1430 560 W——m

76 679 87 698 ,
132 620 223 690 Item
239 615 464 691 architectus
484 617 686 692 aedificans:
698 629 744 690 ut
766 618 911 714 sapiens
933 614 1158 688 architectus
1175 614 1284 711 posui
1302 609 1435 686 funda-
1456 641 1477 675 1·
1493 619 1555 676 cor.
1571 619 1595 674 ³·

88 725 328 881 mpppffiiam
342 807 591 884 nihilominus
612 809 715 882 viam
733 819 853 904 potest
871 808 960 902 dici,
978 807 1077 906 quod
1101 806 1241 880 Paulus
1259 783 1437 896 ostendit,
1456 811 1546 866 Actor·
1565 822 1616 884 20»,

94 931 129 977 ae
147 927 225 974 esse
244 903 506 999 proximorum
522 902 842 977 ferventissimum
857 904 1080 978 dilectorem.
1099 903 1171 974 Per
1184 900 1257 972 hoc
1272 897 1438 990 videtur,
1671 917 1673 924 ’

92 997 184 1094 quod
202 999 282 1091 ipse
297 996 417 1090 multa
435 1021 503 1159 ppo
518 998 570 1068 eis
588 994 760 1067 faciebat:
781 999 971 1107 Siquidem
984 999 1045 1104 vel
1062 997 1286 1106 sustinebat,
1301 993 1363 1066 vel
1379 993 1440 1064 da-

88 1095 149 1164 bat
166 1117 227 1181 ea,
245 1113 330 1184 quae
348 1113 426 1160 non
473 1089 620 1179 abebat,
638 1091 684 1160 ab
704 1089 931 1164 habentibus
948 1117 1016 1185 pro
1030 1089 1284 1190 md1gent1bus
1302 1109 1442 1178 procu*

89 1187 199 1260 rabat.
214 1183 325 1270 Quod
340 1183 441 1253 enim
458 1183 588 1255 suadet
605 1183 651 1254 ad
668 1184 865 1256 utilitatem
883 1187 1159 1277 proximorum,
1174 1183 1252 1275 ipse
1267 1189 1440 1250 testatur:

88 1279 145 1349 Ad
160 1301 223 1367 ea,
235 1299 321 1369 quae
337 1301 430 1370 opus
446 1289 552 1350 erant
565 1277 679 1369 mihi,
693 1291 730 1348 et
747 1277 807 1350 his
823 1280 890 1374 qui
908 1302 1056 1350 mecum
1076 1288 1184 1366 sunt,
1209 1275 1445 1345 ministrave-

91 1382 183 1445 runt
200 1394 334 1441 manns
363 1371 454 1443 istae.
477 1374 676 1467 Sequitur:
696 1373 884 1462 Quoniam
899 1373 1046 1444 beatius
1064 1385 1121 1445 est
1137 1370 1242 1461 dare,
1260 1391 1373 1464 quam
1389 1391 1445 1436 ac-

91 1467 218 1560 cipere.
238 1464 421 1552 Quamvis
439 1479 564 1538 autem
585 1468 917 1573 supererogationis
940 1477 1054 1558 esset,
1070 1491 1158 1538 cum
1179 1467 1225 1536 ab
1243 1463 1334 1558 ipsis
1342 1462 1446 1533 acci-
1537 1515 1541 1522 .

91 1585 173 1729 ppre
184 1569 326 1653 posset,
347 1560 389 1630 in
406 1558 479 1632 hoc
496 1561 670 1654 faciebat,
691 1575 732 1634 ut
742 1563 832 1654 illis,
847 1563 986 1658 quibus
1008 1559 1250 1656 praedicabat,
1267 1567 1443 1653 parceret.

129 1653 198 1726 nde
216 1653 263 1723 ad
283 1652 514 1726 Corinthios:
530 1656 688 1729 Paratus
707 1681 791 1728 sum
806 1657 938 1730 venire
955 1656 1001 1726 ad
1021 1682 1089 1730 vos
1095 1711 1106 1750 ,
1121 1669 1158 1728 et
1168 1679 1246 1728 non
1258 1675 1321 1725 ero
1337 1650 1446 1723 vobis

91 1749 223 1847 gravis.
250 1744 335 1818 Non
357 1749 459 1821 enim
491 1775 633 1844 quaero,
654 1777 739 1848 quae
762 1764 887 1825 vestra
916 1763 1020 1844 sunt,
1047 1751 1111 1823 sed
1134 1776 1213 1824 vos.

139 1841 324 1950 Secund0,
347 1855 391 1951 ut
411 1844 758 1939 pseudo-Apostolis
789 1846 971 1940 gloriandi
997 1847 1227 1918 occasionem
1262 1840 1443 1916 auferret:
1465 1867 1491 1904 a.
1505 1851 1568 1904 eor.
1587 1865 1627 1904 ιι.

93 1942 138 2011 In
152 1937 326 2008 omnibus
344 1962 424 2008 sme
441 1963 553 2012 onere
574 1964 633 2010 me
652 1941 819 2030 servavi,
838 1952 876 2011 et
893 1942 1059 2014 servabo.
1078 1939 1189 2028 Quod
1207 1939 1321 2028 facio,
1344 1946 1381 2006 et
1396 1935 1449 2006 fa-

94 2035 186 2104 ciam
193 2085 204 2121 ‚
225 2041 270 2100 ut
291 2043 482 2124 amputem
502 2035 731 2106 occasionem
757 2057 902 2123 eorum,
926 2035 993 2128 qui
1015 2034 1168 2126 volunt,
1189 2045 1234 2105 ut
1256 2034 1298 2104 in
1319 2055 1380 2120 eo,
1403 2029 1464 2122 de·

96 2152 170 2221 quo
194 2123 417 2222 gloriantur,
438 2126 672 2218 reperiantur
693 2128 790 2198 sicut
811 2139 848 2198 et
865 2153 945 2200 nos.

145 2217 283 2286 Temo.
313 2217 367 2286 Ut
390 2217 527 2283 exinde
549 2223 725 2308 majorem
755 2221 961 2286 mercedem
991 2222 1159 2292 haberet:
1184 2222 1269 2292 Non
1291 2221 1351 2292 usi
1376 2218 1448 2289 hac
1470 2236 1496 2271 2·
1512 2219 1576 2274 cor.
1591 2231 1630 2268 ¹¹·

96 2317 298 2409 potestate,
310 2320 353 2378 ut
368 2305 777 2404 accipiamusss(scilicetl
794 2317 965 2400 sumptus
980 2333 1002 2378 a
1017 2312 1142 2383 vobis:
1162 2313 1449 2404 sequitur:Quae

96 2417 153 2478 est
180 2423 428 2566 ergocplrerces
449 2399 555 2471 mea?
576 2414 619 2470 ut
639 2398 845 2495 praedicans
869 2402 950 2472 sine
971 2416 1125 2498 sumptu
1154 2427 1290 2498 ponam
1322 2405 1452 2476 Evan-

121 2499 237 2572 elium
315 2496 408 2568 sisti.
775 2499 797 2522 '⁸
985 2503 993 2548 ¹
1197 2521 1204 2537 ·

97 2525 120 2595 g
146 2595 289 2666 Rursus
307 2592 419 2664 etiam
432 2589 511 2685 ipse
527 2589 749 2686 procurabat
767 2588 814 2659 ab
830 2587 991 2661 Ecclesia
1009 2587 1055 2660 de
1072 2587 1230 2685 Achajs,
1252 2587 1299 2660 ad
1313 2588 1454 2661 donan—
1477 2613 1499 2646 1·
1514 2595 1577 2651 Cor·
1593 2597 1633 2663 a&
1682 2663 1684 2671 ,

98 2690 189 2763 dum
212 2687 438 2854 pauperibus
456 2685 502 2756 de
520 2685 543 2756 J
545 2687 667 2778 udaea,
690 2684 738 2756 ob
757 2709 870 2780 quam
891 2709 1041 2758 causam
1059 2685 1228 2760 collectas
1247 2683 1329 2758 fieri
1346 2682 1454 2756 facie·

98 2787 182 2876 bat,
201 2796 238 2856 et
259 2782 286 2854 fi
312 2783 385 2854 eles
414 2780 461 2852 ad
483 2779 556 2854 hoc
575 2780 771 2854 efficaciter
790 2776 1000 2852 inducebat.
1091 2804 1097 2810 ·

145 2879 261 2971 ltem',
284 2879 360 2968 Qui
381 2900 490 2988 parce
513 2879 688 2968 seminat,
710 2899 818 2970 parce
840 2887 963 2946 metet.
1472 2911 1498 2947 α.
1511 2885 1573 2942 cor.
1590 2909 1616 2958 ς,

146 2975 269 3046 Dabat
284 2974 467 3082 prox1mis
480 2972 598 3047 verba
611 2971 696 3061 Dei,
708 2970 846 3064 quibus
861 2969 1111 3078 copiosissime
1127 2970 1357 3045 abundabat:
1374 2973 1455 3044 Imo
1476 3012 1499 3047 ι.
1511 2992 1600 3048 Thes.
1615 3005 1641 3040 2.

99 3071 218 3140 'etiam
244 3092 410 3159 seipsum
435 3092 565 3138 eorum
587 3064 814 3145 utilitatibus
835 3061 1036 3136 dedicabat.
1064 3065 1289 3139 Volebamus
1311 3068 1456 3139 tradere

101 3159 214 3236 vobis
236 3183 315 3230 non
344 3159 464 3230 solum
489 3159 755 3254 Evangelium,
779 3155 843 3229 sed
866 3167 911 3228 et
928 3158 1070 3230 animas
1085 3172 1246 3252 nostras,
1266 3171 1459 3255 propterea

107 3251 212 3352 quod
231 3251 308 3322 cari
328 3251 436 3321 nobis
459 3251 549 3322 facti
569 3255 668 3324 estis.
1059 3318 1064 3332 ,
1211 3276 1214 3282 ·
1367 3301 1375 3320 .

155 3348 217 3419 Sic
233 3356 270 3417 et
288 3341 456 3418 Corinth.
471 3345 550 3436 Ego
569 3347 648 3437 ipse
666 3343 911 3416 libentissime
928 3344 1141 3439 impendam
1156 3357 1194 3416 et
1210 3346 1461 3440 superimpen·
1480 3384 1503 3417 ι.
1518 3365 1582 3418 cor.
1596 3380 1636 3419 u.

91 3443 179 3514 dar
203 3465 271 3536 pro
288 3434 484 3510 ammabus
503 3436 650 3508 vestris
1199 3481 1201 3487 ι

161 3537 257 3606 Mira
268 3537 426 3625 insuper
440 3527 485 3602 de
504 3552 655 3622 corpore
672 3552 741 3598 suo
758 3527 846 3597 fecit
888 3528 1045 3600 roximis
1063 3528 1111 3600 ad
1124 3529 1235 3601 fidem
1251 3541 1289 3600 et
1305 3528 1461 3602 salutem
1479 3537 1610 3618 Profectio

111 3625 392 3716 convertendis,
402 3619 637 3718 praedicando
652 3619 840 3712 videlicet,
854 3553 1092 3728 disputando,
1108 3621 1351 3696 discurrendo
1362 3626 1464 3695 aDaa
1513 3608 1596 3662 Μ·

112 3745 242 3796 masco
250 3721 291 3794 in
299 3719 538 3810 Arabiam,in
549 3715 768 3807 Jemsalem,
780 3718 822 3789 in
833 3714 1079 3788 Antiochiam.
1090 3717 1464 3816 Deindenuucjussu

113 3815 276 3912 Spiritbs
288 3816 412 3888 Sancti
426 3837 513 3886 cum
530 3811 699 3884 Bernaba
716 3810 761 3882 de
779 3809 978 3884 Antiochia
994 3813 1036 3883 in
1047 3811 1216 3910 Cyprum
1229 3811 1337 3905 ,inde
1354 3815 1464 3887 navi-

113 3921 247 4008 gantas
258 3935 323 4006 per
334 3909 518 3998 Ciliciam,
533 3917 572 3978 et
585 3917 668 4002 post
690 3919 821 3978 euntes
841 3904 1086 3997 inPisidiam,
1108 3908 1295 3999 Iconium,
1320 3905 1465 4006 Lyca'o-

115 4006 239 4094 niam,
254 4005 528 4078 constituerunt
542 4001 780 4168 presbffims
796 4027 862 4097 per
877 3999 1039 4094 singulas
1050 4001 1231 4075 Ecclesias
1240 4005 1302 4076 :Et
1312 4003 1464 4076 tandem

145 4109 206 4170 ost
226 4098 367 4172 factum
388 4095 632 4192 multiplicem
717 4108 819 4168 ctum
840 4093 1076 4168 Antiochiam
1097 4096 1298 4170 redierunt.
1322 4101 1376 4171 De
1403 4099 1463 4172 his
1482 4112 1542 4162 Act.
1556 4129 1581 4178 9·
1600 4125 1641 4160 u·

173 4193 284 4270 betur
304 4195 346 4270 in
366 4193 530 4272 Actibus.
561 4189 838 4304 Postmodum
867 4191 959 4282 verb
983 4190 1123 4354 {aulus
1151 4191 1282 4270 volens
1313 4195 1465 4291 visitare
1516 4173 1656 4296 &4⁸5⁸
