4498 5462
157 547 216 566 .-
244 367 511 500 TITULUS
532 373 623 498 cx'.
643 407 888 516 Mulierum
911 410 1049 530 pietas
1071 407 1115 500 et'
1146 411 1398 531 compassio.
1429 415 1511 502 203

197 625 362 702 Gravem
397 625 688 723 contumeliam,
709 629 757 704 ab
793 623 929 704 ancilla
959 629 1142 727 prolatam
1156 683 1167 722 ,
1181 628 1292 706 valde
1327 631 1640 727 praesternas.

106 791 109 798 .
147 720 239 798 'tulit
255 723 344 796 Sara
364 722 442 835 filia
460 723 653 822 Raguelis,
670 751 739 802 nec
753 727 789 804 ei
808 725 911 826 quod
928 725 1139 825 respondit,
1156 724 1220 801 sed
1234 726 1283 801 ad
1303 727 1511 802 orationem

147 843 186 896 ae
219 831 421 894 convertit·
718 871 720 878 ,
1472 840 1488 862 ⁸

195 914 337 990 Esther
365 917 494 1013 regina
524 917 700 1014 exposuit
730 943 769 994 se
794 915 960 1017 periculo
983 919 1169 997 moriendi
1192 945 1261 1016 pro
1288 919 1510 995 liberatione
1528 934 1622 990 saner
1645 937 1673 992 5.

148 1011 281 1110 populi
308 1015 386 1106 sui,
438 1011 565 1087 nando
589 1037 669 1086 non
696 1027 828 1090 vocata
854 1014 901 1088 ad
927 1041 1051 1114 regem
1077 1017 1133 1090 ire
1163 1016 1411 1115 praesumpsit.

199 1109 322 1203 Supra
348 1041 505 1180 modum
528 1118 649 1182 mater
679 1110 884 1202 mirabilis,
914 1138 998 1208 quse
1026 1125 1224 1207 pereuntes
1249 1136 1288 1185 se
1312 1123 1390 1183 tem
1414 1105 1511 1184 filios
1529 1127 1692 1198 aumas

148 1203 224 1274 sub
249 1203 376 1309 ‘unius
415 1200 489 1309 diei
525 1212 691 1300 tempore
721 1205 980 1300 conspiciens,
1006 1207 1107 1279 bono
1132 1209 1258 1280 animo
1279 1137 1444 1298 licebat,
1474 1215 1513 1282 et

148 1293 342 1368 foemmeae
370 1295 586 1390 cognationi
606 1297 858 1373 masculinum
884 1302 1054 1374 animum
1077 1303 1273 1377 inserebat.
1443 1371 1448 1388 ,

165 1447 167 1454 .
200 1388 419 1462 Fortissima
450 1389 524 1466 fuit
554 1393 662 1466 beata
695 1395 802 1490 virgo
831 1398 949 1469 Maria
980 1399 1024 1469 in
1051 1397 1280 1470 continendo
1310 1396 1512 1494 gaudium,

149 1482 253 1580 quod
276 1483 410 1556 habuit
428 1484 474 1558 de
493 1487 562 1560 filii
583 1491 847 1588 conceptione,
876 1492 1097 1584 nativitate,
1118 1495 1314 1586 Magorum
1332 1492 1513 1566 adoratio-

147 1603 221 1669 ne,
242 1589 279 1650 et
300 1577 419 1676 ipsius
440 1581 676 1679 educatione,
701 1585 984 1683 predicatione,
1001 1586 1268 1660 miraculorum
1284 1589 1517 1683 operatione,

144 1673 432 1748 resurrectione.
478 1679 643 1754 Rursum
678 1681 900 1756 sustinendo
936 1681 1126 1776 dolorem,
1147 1706 1261 1778 quem
1299 1705 1407 1779 passa
1437 1682 1514 1756 fuit

144 1768 190 1842 in
216 1767 335 1864 ipsius
367 1769 438 1844 filii
470 1777 651 1870 passione.
693 1831 700 1845 .
882 1773 891 1785 ’
1798 1853 1807 1868 ,

195 1861 316 1972 Valde
339 1864 415 1936 fuit
440 1870 621 1944 mirabilis
643 1871 798 1947 audacia
823 1874 951 1949 Mariae
973 1869 1200 1968 Magdale‘n·
1213 1925 1224 1964 ,
1238 1897 1325 1968 quae
1346 1871 1512 1968 passioni
1529 1881 1608 1934 roan.
1628 1881 1671 1933 ὀἱ

144 1955 303 2030 Domini
323 1957 468 2051 adfuit,
486 1975 524 2036 et
548 1967 658 2040 toties
686 1969 744 2040 ad¹
759 1969 1000 2064 sepulchrum
1024 1966 1180 2040 Domini
1200 1970 1324 2059 venit,
1342 1967 1514 2040 receden-

146 2052 255 2128 tibus
285 2051 400 2126 etiam
434 2054 625 2152 discipulis
663 2061 935 2154 dilectissimis,
956 2085 1035 2133 non
1067 2059 1282 2150 recedebat,
1305 2062 1368 2133 sed
1409 2071 1512 2132 stans

144 2146 293 2224 ibidem
314 2147 512 2252 ‘plorabat
550 2155 673 2250 Ipsam
698 2160 810 2230 efiam
839 2157 953 2231 nimis
988 2155 1166 2230 audacem
1200 2151 1359 2238 faciebat
1386 2177 1512 2248 aanor,

146 2266 242 2320 cum
267 2242 431 2325 dicebat:
447 2245 629 2346 Domine,
651 2251 749 2324 situ
781 2252 967 2325 sustulisti
992 2275 1103 2340 eum,
1123 2248 1237 2324 dicito
1257 2248 1365 2324 mihi.

607 2409 915 2497 TITULUS
954 2409 1062 2494 CX.

436 2537 665 2630 Mulierum
698 2543 837 2654 pr'etas
885 2557 927 2622 et
960 2545 1204 2651 compassio.

144 2671 343 2807 Rebecca
378 2732 513 2807 videns
552 2755 705 2807 servum
749 2727 932 2823 Abrahae,
959 2725 1154 2803 hominem
1191 2687 1432 2828 peregrinum
1476 2745 1514 2807 et
1528 2749 1596 2804 cen.
1612 2761 1655 2820 24.

145 2827 279 2904 bibere
336 2840 520 2919 stentem,
541 2828 624 2901 sinc
649 2851 753 2900 mora
780 2824 974 2919 respondit
991 2850 999 2894 :
1014 2826 1107 2900 Bibe
1135 2829 1296 2899 Domine
1324 2827 1400 2920 mi,
1418 2829 1514 2926 quin

146 2934 188 3000 et
219 2857 367 3000 camelis
399 2923 476 2999 tuis
505 2923 678 2998 hauriam
710 2947 869 3022 aquam,
886 2917 1005 2993 donec
1027 2923 1156 3000 cuncti
1177 2923 1319 2996 bibant.
1423 2951 1427 2959 ⁴

198 3019 426 3112 'limuerunt
451 3021 666 3094 obstetrices
694 3019 839 3110 Deum,
858 3026 896 3089 et
917 3039 996 3090 non
1016 3016 1188 3092 iecerunt
1215 3018 1329 3115 juxta
1353 3041 1512 3118 praecep-
1526 3039 1612 3095 Exoa.
1636 3061 1658 3097 ι.

149 3121 238 3185 tum
263 3114 360 3204 regis
380 3116 422 3182 AE
474 3115 548 3203 pti,
563 3113 627 3181 sed
650 3115 921 3185 conservabant
948 3137 1079 3184 mares.
1259 3115 1266 3130 '

208 3202 374 3276 Gemens
438 3203 490 3274 lia
528 3200 735 3273 Pharaonis
780 3204 994 3295 vagientem
1031 3227 1222 3296 puerum,
1261 3207 1415 3280 miserta
1453 3221 1511 3280 est
1526 3227 1611 3280 stoa.
1633 3247 1657 3282 α.

150 3301 256 3397 ejus,
279 3310 316 3372 et
342 3298 420 3371 ait:
438 3298 493 3369 De
519 3293 729 3368 infantibus
750 3293 993 3370 Hebraeorum
1013 3308 1070 3369 est
1092 3295 1173 3388 hic,
1188 3308 1226 3370 et
1249 3295 1390 3371 faciens
1423 3325 1511 3372 eum

148 3396 318 3486 nutriri,
344 3394 387 3466 in
417 3391 539 3464 filium
568 3389 770 3498 adoptavit.
1171 3427 1175 3434 ·
1504 3421 1507 3432 ·
1726 3461 1741 3484 .

204 3489 334 3574 Rahab
354 3487 537 3564 meretrix
558 3483 736 3577 aud1ens,
754 3478 1006 3578 exploratores
1025 3485 1138 3557 Jos'ue
1159 3485 1207 3556 ad
1230 3496 1389 3558 mortem
1411 3511 1511 3583 quae·
1527 3495 1604 3546 tosus
1621 3513 1648 3549 2·

150 3591 191 3665 ri
202 3641 213 3680 ,
225 3610 415 3682 compassa
426 3595 481 3656 est
493 3580 564 3671 eis,
575 3592 612 3653 et
622 3581 721 3675 ipsos
733 3575 963 3650 abscondens
977 3579 1169 3671 liberavit,
1180 3591 1217 3651 et
1233 3603 1342 3650 sanos
1356 3582 1509 3652 remisit.
1572 3653 1580 3662 ,

204 3680 365 3773 Nuncii,
389 3690 519 3753 euntes
541 3675 589 3749 ad
607 3671 754 3765 David,
768 3670 976 3747 absconditi
1006 3672 1163 3746 fuerunt
1188 3672 1231 3745 in
1249 3683 1363 3768 puteo
1384 3685 1421 3746 et
1444 3674 1512 3746 sal·
1528 3703 1553 3738 2.
1571 3684 1633 3760 aeg.
1648 3708 1685 3762 ¹7·

149 3780 237 3857 vati
256 3800 324 3874 per
343 3775 556 3866 mulierem,
574 3794 660 3872 quae
685 3770 811 3868 posuit
830 3765 1001 3844 velamen
1022 3794 1135 3868 super
1160 3795 1202 3843 os
1224 3767 1351 3867 putei,
1365 3779 1404 3844 et
1430 3793 1511 3866 eos,

150 3876 224 3977 qui
249 3872 484 3971 quaerebant,
498 3868 646 3945 delusit.
1107 3940 1112 3950 ,
1300 3951 1303 3958 γ

204 3970 372 4044 Duarum
392 3967 613 4060 mulierum,
624 3977 750 4037 coram
768 3961 962 4036 Salomone
984 3959 1305 4052 contendentium,
1318 3957 1392 4032 illa.
1430 3959 1509 4033 ium
1527 3981 1551 4032 s.
1566 3985 1629 4053 neg.
1644 3983 1670 4038 3.

153 4090 223 4139 cor
251 4063 405 4156 habuit,
427 4087 513 4160 quae
541 4062 601 4138 liti
629 4059 756 4134 cedere
780 4059 1048 4158 voluit,cujus
1079 4059 1223 4134 viscera
1251 4080 1363 4154 super
1428 4055 1510 4132 ium

154 4171 343 4235 commota
363 4157 529 4232 fuemnt.
1253 4216 1256 4222 .
1631 4237 1636 4246 .

206 4254 333 4330 Vidua
362 4253 498 4326 mulier
526 4257 726 4350 Sareptena
752 4251 827 4326 fuit
857 4249 1006 4350 hospita
1037 4249 1130 4327 Elisa
1159 4247 1686 4350 prophetae,ethics.seg.17.

153 4351 259 4450 apud
282 4350 386 4426 illam
411 4350 698 4426 sustentabatur.
1050 4441 1075 4507 c

1097 4463 1115 4506 0
1136 4466 1153 4506 2
