4502 5484
824 303 876 387 68
910 291 1176 382 TITULUS
1197 288 1398 378 XXXVI.
1424 289 1748 374 correctionem
1770 311 1887 400 aegre·
1911 283 2140 366 serentes.

1478 513 1512 582 s
1743 579 1750 594 .

1114 769 1117 785 λ
1215 652 1509 748 ,ΤιΤυιυε
1551 627 1751 735 xxxvi.

1174 826 1483 910 Correctionem·
1507 850 1611 932 agre
1635 819 1837 927 strantes,

632 1036 699 1088 oon.
720 1033 759 1085 16.
786 1039 790 1042 ·
825 957 952 1110 Agar
972 1012 1105 1084 ancilla
1131 1013 1227 1084 Sarae
1248 1039 1326 1084 non
1349 1013 1472 1085 ferens
1498 1008 1761 1080 correctionem
1784 1003 1955 1116 Dominae
1978 1023 2076 1088 suae,
2106 1026 2189 1096 qua

729 1123 732 1128 “
826 1111 908 1202 ejus
930 1107 1140 1199 superbiam
1160 1104 1416 1200 redarguebat,
1438 1104 1535 1200 sugit
1557 1128 1577 1175 e
1603 1101 1730 1190 domo,
1746 1098 1814 1208 ‘sed
1837 1121 1940 1190 Jussa
1961 1107 2018 1166 est
2041 1095 2093 1164 ab
2114 1121 2183 1205 'ana

826 1203 922 1297 gelo,
934 1212 977 1272 ut
989 1197 1127 1271 rediret
1144 1197 1191 1282 ad
1203 1199 1400 1272 Dominam
1415 1225 1537 1290 suam,
1548 1207 1585 1268 et
1596 1222 1634 1270 se
1648 1191 1944 1300 humiliaretsub
1954 1214 2182 1299 manueJus.

632 1309 808 1440 '‘altat'’
872 1293 1048 1459 dihia*
1062 1293 1265 1460 Pmlbia’
1278 1295 1531 1462 quilii?
1548 1287 1759 1478 {iiiiii
1768 1299 2179 1474 rii-{iillliffililt

700 1411 707 1424 ·
769 1408 777 1425 ·
829 1413 851 1459 a
943 1411 1019 1458 ecla
1036 1412 1078 1457 rn
1100 1413 1135 1458 m
1232 1413 1292 1460 am
1401 1416 1427 1462 u
1924 1453 1926 1460 ,

830 1505 1013 1552 carcerem
1035 1482 1144 1552 mitti.
1313 1415 1338 1483 p
1524 1442 1543 1525 '¹

635 1591 662 1626 2·
688 1575 747 1628 Par.
772 1576 812 1626 ¹⁶·
879 1573 1090 1644 Cumincre
1116 1584 1214 1644 asset
1225 1574 1372 1646 Hanani
1384 1573 1570 1669 Propheta
1581 1561 1803 1666 Asa'llegem
1821 1568 1936 1661 Juda,
1962 1568 2066 1662 quod
2095 1593 2177 1676 ⁰9¹¹?

669 1659 693 1707 ⁷¹
715 1648 767 1690 ω’
831 1667 1025 1738 fisusesset
1037 1667 1076 1736 in
1087 1598 1259 1738 benadad
1271 1669 1365 1762 Rege
1377 1668 1636 1765 Syriae,iratus
1648 1665 1838 1762 Asajussit
1848 1661 2175 1771 Prophetammrttr

832 1763 874 1833 in
895 1783 1093 1850 carcerem,
1119 1773 1156 1830 et
1174 1759 1361 1833 interfecit
1380 1760 1578 1927 depppulo
1594 1762 1815 1862 intempore
1833 1757 1898 1829 illo
1913 1756 2100 1866 plurimos.

637 1858 690 1906 ³⁰1·
712 1855 753 1906 3²·
773 1855 797 1906 ³·
882 1853 1047 1925 sedecias
1081 1879 1151 1928 rex
1180 1854 1280 1928 Juda'
1310 1857 1443 1929 clausit
1492 1857 1666 1930 eremiam
1691 1851 1916 1948 Prophetam
1939 1877 1979 1923 m
2005 1875 2180 1943 carcere,

834 1947 959 2020 dicens
981 1972 988 2015 :
1009 1973 1123 2042 quare
1142 1945 1223 2020 baec
1245 1950 1335 2022 dicit
1363 1951 1572 2041 Dominus,
1596 1961 1663 2020 etc.

636 2043 705 2092 nan.
724 2039 763 2106 rt·
880 2043 979 2131 Quia
999 2042 1131 2120 Daniel
1152 2044 1346 2138 probavit,
1368 2045 1434 2116 Bel
1449 2058 1486 2116 et
1509 2045 1707 2117 draconem
1723 2067 1801 2112 non
1823 2065 1902 2112 esse
1920 2041 2008 2110 Deos
2025 2035 2168 2143 ,baby-

831 2138 925 2208 lonii
948 2151 1207 2224 convenerunt
1230 2138 1408 2212 adversus
1430 2141 1586 2233 Regem,
1610 2149 1646 2207 et
1670 2145 1964 2232 procuraverunt
1983 2130 2170 2238 Donlelem

831 2231 931 2302 mitti
955 2229 1141 2303 inlocum
1165 2233 1326 2304 leonum.

636 2325 703 2375 rou.
724 2325 750 2377 ³·
771 2343 795 2394 7·
877 2327 965 2397 Sara
985 2325 1063 2396 filia
1081 2325 1250 2420 Raguelis
1266 2353 1382 2398 unam
1399 2327 1445 2396 de
1462 2327 1606 2394 ancillis
1628 2325 1705 2396 suis
1723 2328 1821 2418 juste
1839 2325 2005 2416 increpat
2028 2335 2167 2416 propter

762 2466 770 2480 .
800 2451 804 2460 ·
831 2421 992 2508 culpam:
1006 2433 1042 2486 et
1057 2419 1122 2484 illa
1137 2421 1250 2484 nimis
1267 2419 1448 2508 injuriose
1459 2415 1674 2510 respondet:
1688 2419 1848 2513 amplius
1858 2444 1906 2490 ex
1917 2429 1954 2488 te
1965 2442 2046 2490 non
2057 2419 2166 2492 videa·

831 2531 916 2578 mus
940 2507 1060 2576 filium
1080 2529 1128 2574 an
1149 2505 1264 2577 filiam
1282 2519 1566 2602 superterram,
1584 2509 1819 2584 interfectrix
1830 2515 1997 2586 virorum
2015 2525 2165 2586 tuorum.

640 2603 737 2657 Mattb·
758 2602 801 2666 ¹4·
881 2598 1042 2665 Joannes
1077 2597 1241 2691 Baptista
1262 2598 1406 2673 dicebat
1427 2603 1591 2674 Herodi:
1620 2631 1699 2676 non
1719 2606 1807 2678 licet
1824 2607 1893 2678 tibi
1918 2605 2058 2678 habere
2081 2631 2163 2679 uxo-

833 2714 913 2762 rem
935 2688 1060 2761 fratris
1086 2693 1154 2762 tui.
1185 2691 1228 2762 Id
1257 2717 1351 2787 aegre
1375 2695 1498 2769 ferens
1520 2697 1704 2794 Herodes,
1736 2701 1918 2774 loannem
1950 2702 1993 2773 in
2024 2701 2166 2776 nucula

835 2786 1045 2876 conjectum
1066 2785 1263 2857 interfecit.
1611 2851 1613 2858 .

642 2887 705 2936 Luc·
724 2883 818 2934 1¹·53·
884 2876 979 2946 Cum
1002 2875 1173 2948 Christus
1203 2881 1364 2971 graviter
1385 2885 1590 2982 increparet
1603 2887 1808 2962 Pharisaeos
1830 2901 1868 2961 et
1891 2891 2001 2985 Legis
2021 2892 2160 2986 peritos,

837 2980 1029 3062 coeperunt
1047 2971 1110 3042 isti
1132 2977 1293 3065 graviter
1313 2978 1505 3072 insistere,
1527 2992 1564 3052 et
1578 3006 1620 3054 os
1636 2986 1716 3078 ejus
1736 2985 1942 3079 opprimere
1959 2987 2005 3058 de
2023 2983 2163 3072 multis,

835 3061 1052 3136 insidiantes
1071 3066 1129 3159 ei,
1155 3075 1423 3166 et'quaerentes
1444 3075 1584 3170 aliquid
1606 3101 1734 3172 capere
1762 3079 1808 3150 de
1834 3105 1896 3151 ore
1921 3083 2023 3174 ejus,
2048 3093 2089 3152 ut
2111 3103 2166 3150 ac-

836 3170 1007 3231 cusarent
1029 3185 1126 3232 eum.
1571 3193 1594 3266 r,

883 3253 1062 3326 Pharisaei
1085 3281 1185 3329 coeco
1211 3271 1325 3354 nato,
1346 3276 1426 3335 eta
1459 3264 1608 3338 Christo
1634 3267 1795 3340 Domino
1824 3266 2036 3342 illuminato
2062 3270 2168 3342 male-

836 3347 1017 3460 dixerunt
1028 3404 1043 3441 „
1053 3377 1213 3448 eumque
1232 3369 1340 3428 extra
1364 3359 1595 3456 synagogam
1617 3361 1827 3457 ejecerunt,
1853 3363 1954 3458 quod
1978 3367 2169 3440 veritatem

836 3447 1132 3526 constantrssime
1155 3447 1343 3523 fateretur.

667 3565 680 3597 c
768 3584 775 3600 ·
882 3539 1075 3637 Principes¹
1101 3544 1335 3618 sacerdotum
1356 3541 1547 3622 audientes
1562 3549 1677 3621 verba
1698 3548 1957 3644 Apostolorum
1975 3551 2021 3625 de
2037 3555 2170 3631 doetri-

835 3657 886 3706 na
911 3633 1073 3724 Christi,
1094 3641 1310 3732 cogitabant·
1320 3643 1528 3722 interficere
1553 3642 1655 3732 illos,
1684 3657 1720 3714 et
1753 3647 1855 3716 caesis
1880 3645 2170 3738 denuntiarunt,

836 3749 885 3796 ne
903 3725 1061 3816 amplius
1082 3729 1324 3822 loquerentur
1343 3736 1385 3805 in
1406 3737 1556 3810 nomine
1573 3738 1724 3810 Domini
1746 3739 1835 3810 Jesu
1855 3764 1862 3809 :
1885 3740 1995 3814 atilli
2013 3745 2172 3838 gauden-

836 3829 892 3890 tes
909 3816 1013 3888 ibant
1036 3843 1058 3890 a
1077 3836 1274 3914 conspectu
1292 3830 1449 3902 concilii.

726 3953 733 3973 .
749 3938 773 3973 ν.
887 3909 1040 4016 Omnes,
1052 3913 1118 4004 qui
1135 3929 1238 3987 erant
1253 3917 1274 3990 J
1276 3923 1391 3994 erosol
1422 3925 1492 3996 mis
1508 3925 1548 3996 in
1560 3923 1731 4018 concilio,
1746 3937 1791 3998 ut
1808 3927 2007 4002 audierunt
2022 3957 2172 4025 gravem

837 4004 1124 4096 inorepauonem
1150 4009 1347 4104 Stephani,
1376 3950 1652 4092 dissecabantur
1675 4021 1871 4116 cordibus,
1898 4035 1935 4095 et
1965 4026 2174 4098 stridebant

837 4095 1011 4172 dentibus
1044 4097 1087 4178 in
1106 4125 1190 4192 eum
1201 4157 1214 4203 ,
1235 4117 1271 4198 et
1298 4110 1483 4218 ejicientes
1510 4139 1597 4192 eum
1618 4125 1725 4192 extra
1744 4117 1932 4196 civitatem
1946 4117 2171 4222 lapidabant·
