4498 5462
422 357 424 364 ’
540 378 803 466 Tirenus
835 377 977 466 xcru.
1011 379 1170 495 Magia.
1465 380 1542 489 173

203 501 1542 556 Q———k—q*

238 593 346 664 Dixit
371 594 522 688 angelus
543 595 667 667 Tobiae
686 596 853 692 juniori-z
873 597 913 667 in
936 597 1098 690 eos,qui
1117 595 1332 691 conjugium
1355 595 1408 666 ita
1430 594 1542 666 susci-
1561 619 1629 670 roh.
1647 619 1672 671 a.

190 685 320 779 piant,
334 700 378 761 ut
400 691 559 782 Douma
577 717 615 762 se
626 703 663 762 et
679 717 700 760 a
713 701 835 762 mente
855 717 922 763 sua
936 690 1140 762 excludant
1152 745 1161 781 ,
1173 703 1210 761 et
1230 715 1306 762 suae
1325 688 1472 762 libidini
1490 689 1543 759 ita

189 793 346 874 vacent,
362 785 458 856 sicut
474 809 593 878 equus
607 797 644 857 et
664 785 807 876 mulus,
820 785 936 857 'habet
953 797 1168 880 potestatem
1186 785 1423 858 daemonium.
1442 781 1542 870 Quid
1645 851 1647 854 .

190 898 278 970 ergo
287 889 342 949 est
358 878 403 950 de
421 877 729 970 fornicatoribus,
747 881 813 975 qui
828 879 926 953 nihil
948 879 1049 952 aliud
1064 879 1290 974 intendunt,
1304 880 1379 953 nisi
1401 877 1543 950 foedam

190 993 295 1042 suam
318 973 468 1068 explere
488 972 680 1046 libidinem
694 973 720 1042 'lx
1423 1021 1432 1026 -
1460 1047 1463 1054 ,
1509 1068 1517 1082 ⁵

235 1067 321 1138 Duo
356 1093 461 1139 senes
494 1069 703 1162 presbyteri
734 1070 786 1140 ita
822 1069 977 1142 fuerunt
1011 1095 1134 1144 amore
1168 1074 1347 1144 Susannae
1378 1069 1689 1163 decepimus-1³.

188 1161 312 1323 (paud,
331 1163 481 1256 quando
512 1160 575 1229 illa
595 1162 828 1237 voluntatem
856 1191 985 1238 eorum
1010 1163 1129 1238 facere
1149 1166 1362 1257 recusavit,
1378 1176 1540 1237 mortem

188 1277 202 1323 1

217 1255 290 1324 lius
318 1278 517 1348 praem-are
541 1259 664 1327 conati
692 1271 790 1329 sunt.

238 1348 417 1442 Tempore
440 1349 829 1447 Antiochi,templom
854 1353 1009 1426 luxurii
1032 1368 1069 1427 et
1098 1356 1429 1428 comessationibus
1452 1379 1541 1449 gen·
1560 1383 1585 1418 2·
1605 1366 1692 1419 Mach·
1710 1366 1740 1417 6·

189 1441 285 1512 tium
301 1455 379 1514 erat
393 1443 543 1537 plenum
559 1441 620 1538 {et
641 1449 886 1521 scortantium
910 1447 995 1521 cuin
1017 1449 1540 1544 meretricibus,·sacratisque
1594 1537 1599 1548 ι

189 1535 329 1608 aedibus
349 1537 524 1610 mulieres
550 1542 650 1614 ultro
666 1569 704 1614 se
726 1537 943 1638 ingerebant
966 1560 1033 1616 etc.
1274 1637 1277 1640 Ι
1489 1579 1495 1590 ·

235 1632 435 1710 Occasione
458 1635 691 1724 Herodradis‚
710 1664 822 1734 quam
852 1652 981 1710 contra
1009 1640 1126 1734 legem
1159 1639 1319 1712 duxerat
1354 1637 1539 1730 Harudes,
1559 1650 1656 1701 Matth·
1678 1650 1720 1718 ¹4·

183 1721 346 1889 ilcanues
377 1727 542 1824 Baptista
564 1730 767 1806 decollatus
786 1733 882 1828 fuit,
906 1733 952 1806 ad
977 1735 1194 1807 instantiam
1221 1735 1432 1828 peccatricis
1454 1759 1538 1804 mu·
1558 1717 1640 1769 ΜΨ·
1660 1719 1686 1768 ⁶·

199 1844 294 1892 iens.
900 1849 903 1856 ·
1485 1893 1493 1914 ,

234 1915 393 2009 Spiritus
419 1918 605 1991 immundi
640 1922 720 1994 loca
751 1923 946 1996 immunda
979 1925 1139 2020 diligunt
1154 1978 1166 2015 ,
1180 1923 1281 1995 unde
1310 1937 1538 2020 rogaverunt
1557 1948 1656 1999 naith.
1676 1947 1706 1998 a.

186 2009 389 2082 Dominum
413 2012 540 2086 Jesum
557 2028 623 2103 ‚ut
651 2020 881 2111 permitteret
910 2045 971 2088 eos
991 2021 1131 2090 intrare
1156 2019 1198 2088 iu
1228 2043 1470 2112 porcos,non
1497 2022 1540 2091 in

125 2145 130 2150 ·
186 2103 301 2178 boves
323 2106 384 2177 vel
403 2131 533 2200 agnos,
550 2133 634 2203 quae
654 2126 743 2183 sunt
759 2113 1105 2186 animaliawmunda.
1213 2143 1215 2146 ·

236 2201 339 2271 Inter
359 2201 466 2292 illos,
489 2203 556 2296 qui
572 2207 696 2276 vocati
720 2220 809 2278 sunt
832 2207 877 2276 ad
900 2233 1071 2300 magnam
1092 2231 1260 2297 coenam,
1279 2231 1348 2278 nec
1365 2209 1539 2300 iverunt,
1560 2230 1632 2283 Luc
1646 2228 1688 2296 14.

188 2292 268 2385 ille,
291 2296 357 2388 qui
381 2322 541 2368 uxorem
573 2297 709 2390 duxit,
738 2327 816 2372 non
843 2303 951 2395 petiit
985 2325 1022 2370 se
1055 2312 1278 2372 excusatum
1302 2301 1442 2373 haberi.
1471 2305 1543 2376 Per

163 2388 288 2482 ¹quod
307 2402 431 2482 patere
458 2403 600 2485 potest,
628 2419 741 2486 quam
765 2395 874 2492 longe
897 2407 1028 2467 sunta
1047 2395 1155 2466 ooent
1172 2395 1325 2464 Domini
1353 2395 1544 2468 luxuriosi

185 2481 358 2555 homines
377 2496 414 2556 et
432 2485 640 2576 immundi,
659 2489 691 2557 si
707 2489 842 2558 ducere
860 2517 1020 2565 uxorem
1036 2493 1088 2563 ita
1109 2489 1302 2562 hominem
1325 2489 1491 2591 implicat
1507 2505 1543 2564 et

187 2577 372 2669 involvit,
402 2581 502 2675 quod
522 2583 630 2677 quasi
648 2581 747 2655 nibil
772 2583 873 2656 aliud
887 2582 1057 2676 cogitare
1077 2585 1182 2653 sinit..

235 2675 418 2770 Exemplo
435 2675 503 2748 filii
519 2677 683 2773 prodigi,
700 2680 768 2774 qui
779 2679 975 2775 dissiparit
992 2677 1238 2750 substantiam
1255 2700 1360 2748 suam
1376 2677 1542 2750 vivendo
1562 2687 1629 2740 Luc·
1651 2685 1696 2741 15.

186 2765 397 2861 luxuriose,
426 2783 548 2866 patet,
569 2775 667 2868 quod
690 2776 729 2845 id
759 2779 952 2869 peccatum
981 2773 1215 2868 depauperat.
1243 2771 1354 2843 Unde
1381 2772 1518 2846 dicitur
1534 2777 1552 2842 τ’

187 2863 307 3026 ἱὶοερὶῐ
334 2889 448 2960 egere.
478 2869 572 2939 Item
601 2868 756 2944 vilificat
780 2882 965 2944 naturam.
989 2869 1187 2965 Sequitur:
1201 2865 1310 2957 Quod
1329 2868 1408 2962 ipse
1423 2893 1545 2963 pasce-

214 2971 251 3028 at
298 2984 401 3034 orcos
425 2975 492 3033 etc.

240 2985 334 3119 ldim
365 3079 442 3122 non
470 3057 657 3148 extinguit
685 3061 853 3134 ardorem
885 3059 1083 3150 libidinis,
1102 3056 1167 3132 sed
1196 3055 1387 3128 accendit:
1407 3059 1545 3133 dicitur
1633 3093 1638 3107 ·

192 3140 292 3210 enim
313 3142 392 3210 ibi:
412 3145 591 3236 Cupiebat
612 3151 765 3242 implere
780 3169 1086 3232 ventremisuum
1102 3153 1148 3222 (le
1168 3147 1331 3250 siliquis,
1349 3179 1441 3246 quas
1462 3179 1549 3250 por-

193 3235 227 3306 oi
248 3233 521 3314 manducabant
551 3249 622 3318 etc.¹
1377 3245 1380 3252 ’

702 3345 880 3416 ,“Μ

845 3449 878 3516 att

611 3585 941 3670 umacus
988 3585 1165 3666 xcnr.
1206 3545 1216 3658 f

790 3711 952 3822 Magais.
1127 3797 1131 3806 ,
1158 3737 1171 3818 ξ

196 3843 354 3974 Coram
398 3906 530 3998 Moyse
565 3910 602 3972 et
630 3899 775 3971 Aarone
806 3896 1098 3990 confunduntur
1118 3897 1215 3992 magi
1241 3906 1278 3968 et
1318 3894 1474 3970 malefici
1502 3900 1543 3970 in
1559 3922 1737 3993 monas».

194 3991 353 4093 AEgypto
377 4027 386 4089 3
413 3997 521 4090 virga
548 3996 649 4067 enim
685 3999 808 4066 Aaron
844 3993 1040 4066 devoravit
1064 3995 1188 4088 virgas
1211 4001 1350 4064 eorum.
1376 3991 1478 4082 Quin
1507 4006 1543 4066 et

137 4137 143 4146 ·
193 4093 264 4187 ipsi
284 4091 469 4163 ulceribus
488 4093 653 4186 percussi
679 4113 800 4162 coram
822 4095 952 4186 Moyse
981 4099 1076 4160 stare
1101 4113 1179 4160 non
1208 4099 1377 4182 possunt.
1696 4168 1699 4174 p

142 4201 146 4212 '
243 4187 339 4279 Magi
356 4187 395 4257 in
409 4187 568 4283 AEgypto
581 4197 667 4256 cum
684 4185 787 4256 omni
802 4210 869 4256 sua
885 4195 963 4254 arte
981 4207 1057 4253 non
1071 4193 1241 4277 poterant
1256 4181 1457 4276 producere
1477 4185 1542 4255 sci·
1559 4199 1682 4254 Exeat.
1696 4201 1743 4253 saa

195 4279 343 4376 niphes:
357 4293 616 4379 argmnentum
634 4279 786 4355 evidens
795 4333 810 4374 ,¹
819 4279 893 4353 illis
911 4303 990 4352 non
1005 4278 1130 4372 omnia
1145 4280 1254 4350 aDeo
1265 4301 1344 4350 esse
1354 4279 1540 4374 permissa.
