4498 5462
537 421 540 430 ¹
686 397 767 470 aaa
883 355 1149 456 TITULUS
1193 303 1302 444 CIX.
1343 344 1604 439 Mulierum·
1626 335 1852 444 fortitude.l
1992 331 2000 344 ’

692 489 2037 552 ....-----—-—---

491 615 556 702 nse.
575 655 600 708 ⁷·
736 615 864 786 {anae
883 601 1234 718 Magdalenae'dixit
1256 593 1582 712 Dominustides
1603 600 1671 666 tua
1696 601 1737 664 te
1762 587 1909 666 salvam
1940 586 2054 689 facit,
2125 631 2130 642 ·

691 741 742 796 va
768 739 789 786 e
818 737 860 786 1n
916 734 989 782 ace.

493 826 593 881 man.
613 840 640 892 a·
736 736 1031 884 Tantampfidem
1066 799 1228 876 habebat
1256 795 1304 870 ad
1333 793 1541 870 Dominum
1569 781 1707 859 mulier
1732 783 2057 876 hemorrhoissa3

493 895 559 950 ¹⁴¹⁶·
578 892 605 944 ⁸·
693 903 794 1008 quod
811 902 1015 978 sufficiebat
1030 900 1087 992 ei,
1105 910 1151 972 ut
1167 889 1429 980 tantummodo
1443 894 1612 983 tangeret
1627 877 1816 956 fimbriam
1833 881 2052 955 vestimenti

692 1000 905 1171 ejusalldeo
928 995 1070 1168 mansit
1092 992 1221 1070 audire
1240 989 1403 1067 verbum
1425 973 1723 1076 dulcc2Gonfide
1745 977 1839 1070 filia,
1864 973 1955 1048 fides
1975 987 2049 1051 tua

711 1127 733 1174 e
764 1125 780 1172 a
817 1121 906 1172 vam
946 1095 1028 1168 ecit.
1537 1109 1543 1113 ·

499 1215 598 1273 naath.
622 1211 661 1267 ιε.
693 1113 709 1176 t
743 1193 820 1268 Nec
834 1193 946 1288 longa
961 1185 1242 1286 expectatione,
1259 1205 1332 1256 nec
1349 1179 1445 1254 dura
1468 1173 1708 1276 responsione
1729 1166 1870 1278 destitit
1891 1167 2055 1242 clamare

698 1293 747 1368 ad
771 1289 977 1364 Dominum
994 1283 1131 1359 mulier
1146 1279 1366 1353 Chananaea.
1386 1275 1530 1348 Idcirco
1555 1266 1708 1342 tandem
1733 1261 1948 1340 audantzo
1970 1289 2059 1340 mu..

696 1390 789 1479 liar,
815 1409 951 1480 magna
978 1393 1035 1455 est
1063 1377 1158 1450 fides
1186 1389 1274 1467 tua,
1293 1373 1360 1447 fiat
1385 1372 1478 1463 tibi,
1498 1368 1594 1441 sicut
1615 1366 1687 1440 vis.

502 1497 580 1548 ³⁰⁸³·
605 1491 633 1560 i·
747 1481 884 1556 Mulier
915 1475 1145 1551 Samaritana
1169 1471 1278 1569 plene
1304 1469 1473 1543 contessa
1507 1475 1585 1556 est,
1607 1460 1760 1534 dicens:
1778 1456 1880 1548 Quia
1905 1457 2063 1532 Messias

699 1577 830 1667 venit,
844 1575 913 1672 qui
944 1573 1084 1646 dicitur
1121 1566 1304 1642 Christus.
1349 1566 1399 1637 Et
1429 1572 1558 1660 postea
1593 1555 1705 1631 multi
1742 1554 2065 1628 Samaritanorum

703 1671 940 1748 crediderunt
965 1669 1010 1741 in
1034 1666 1261 1754 Dominum,
1282 1672 1433 1759 propter
1457 1655 1619 1732 verbum
1645 1649 1814 1725 mulieris
1840 1650 1954 1729 illius

506 1777 585 1832 ³0²⁰·
599 1789 640 1826 ¹¹·
749 1765 944 1842 Confessio
975 1759 1064 1835 fidei
1092 1757 1269 1858 Marthae,
1286 1780 1372 1854 quae
1408 1753 1508 1826 dixit
1526 1753 1632 1846 :Ego
1651 1745 1813 1838 credidi,
1835 1749 1927 1844 quia
1954 1757 1999 1822 tu
2019 1769 2063 1820 es

508 1845 605 1896 Μ’·
624 1839 663 1892 ¹⁶¹
705 1865 878 1938 Christus
911 1860 1013 1935 lilius
1044 1858 1116 1928 Dei
1146 1855 1251 1944 vivi,
1273 1854 1343 1949 qui
1369 1851 1412 1926 in
1440 1847 1546 1922 huno
1583 1841 1771 1920 mundum
1792 1844 1957 1938 renisu,
1975 1845 2071 1918 satis

706 1959 840 2034 similis
868 1955 945 2030 fuit
974 1951 1199 2025 confessioni
1220 1949 1334 2020 Petn'.

509 2069 609 2124 Matth-
629 2067 671 2119 ¹6·
753 2055 809 2126 De
829 2048 1101 2126 resurrectione
1125 2045 1279 2118 Domini
1302 2043 1462 2139 legimus
1491 2037 1629 2112 multos
1658 2037 1763 2113 viros
1796 2036 2010 2128 dubitiasse,
2026 2044 2068 2108 et

510 2137 608 2190 ¹¹⁸²&
627 2135 670 2188 ²⁸·
705 2149 912 2224 Dominum
948 2145 1078 2218 lesum
1114 2139 1267 2212 illorum
1300 2136 1623 2227 increduiitatem,
1660 2143 1698 2205 et
1732 2131 1855 2206 cordis
1888 2131 2072 2208 duritiam

708 2241 978 2340 exprobrisse,
996 2239 1042 2311 de
1068 2233 1289 2308 mulieribus
1316 2244 1442 2308 autem
1458 2228 1561 2312 nihil
1583 2227 1657 2303 tale
1682 2227 1830 2323 legitur.
1854 2228 1921 2299 Sed
1939 2253 2072 2302 resin*-

659 2371 663 2378 ·
708 2363 798 2452 gens
835 2337 1020 2410 Dominus
1048 2333 1170 2429 primo
1206 2329 1378 2426 apperuit
1406 2325 1577 2418 mulieri,
1600 2323 1740 2398 scilicet
1760 2322 2004 2420 Magdalenae,
2026 2333 2070 2400 et

707 2435 773 2511 illa
794 2457 950 2507 currens
975 2425 1170 2523 discipulis
1190 2424 1408 2522 lugentibus
1430 2421 1632 2497 nuntiauit.

513 2559 605 2616 teror.
626 2557 667 2609 ss.
757 2527 940 2615 Quaedam
956 2523 1274 2608 mulier‚nomine
1285 2520 1408 2618 Lydia
1422 2512 1665 2632 purpuraria,
1676 2515 1823 2590 audivit
1840 2511 2072 2613 predicatio

708 2645 797 2694 nem
819 2618 945 2728 Dauli,
963 2617 1072 2712 cujus
1094 2615 1279 2688 Dominus
1304 2628 1449 2714 aperuit
1476 2622 1617 2706 corret
1640 2610 1822 2712 baptizata
1844 2621 1914 2704 est,
1937 2621 1976 2682 et
1995 2608 2073 2686 das

712 2736 911 2811 mmm
1142 2761 1446 2890 risurus
1489 2801 1611 2890 cin.

1139 2972 1368 3061 Mulierum
1408 2977 1632 3086 fortitudo.

519 3193 605 3250 uate.
626 3189 654 3260 4.
713 3111 852 3242 Barac
877 3164 980 3240 filius
1009 3168 1193 3242 Abinoem
1212 3164 1337 3240 noluit
1357 3167 1493 3242 ducere
1517 3167 1725 3240 exercitum
1743 3172 1876 3236 contra
1891 3162 2075 3261 Sisenem,-

713 3267 790 3342 nisi
800 3263 981 3371 Debbora·
988 3291 1090 3339 uxor
1103 3261 1289 3375 lapidoth
1310 3262 1383 3336 iret
1397 3289 1485 3338 cum
1507 3289 1574 3355 eo,
1590 3287 1675 3359 quae
1697 3259 1895 3334 dixitzlbo
1916 3257 2071 3356 quidem

713 3375 863 3452 tecum,
882 3358 946 3434 sed
970 3383 1013 3432 1n
1036 3360 1108 3434 hac
1133 3382 1216 3434 vioe
1245 3358 1404 3434 victoria
1440 3386 1519 3434 non
1545 3357 1782 3457 reputabitur
1805 3356 1892 3450 tibi,
1909 3355 1999 3454 quia
2024 3358 2075 3434 in

714 3480 834 3533 manu
857 3453 1023 3529 foeminae
1054 3454 1225 3532 tradetur
1249 3455 1381 3527 Sisara.

520 3577 603 3636 nuth.
615 3575 640 3631 3.
764 3550 876 3628 Dixit
900 3551 1001 3626 Booz
1026 3553 1074 3628 ad
1103 3548 1230 3644 Ruth,
1246 3575 1331 3648 quae
1365 3551 1566 3648 reliquerat
1595 3551 1752 3648 patriam
1776 3558 1815 3622 et
1842 3549 1942 3623 Deos
1965 3577 2077 3628 suos:

716 3649 794 3722 Scit
819 3649 1033 3758 communis·
1057 3645 1241 3756 populus,
1260 3647 1327 3741 qui
1352 3644 1498 3726 habitat
1518 3651 1619 3722 inter
1647 3658 1774 3744 portas
1801 3647 1930 3742 urbis,
1944 3651 2080 3726 mulie-

715 3767 797 3816 rem
826 3755 863 3814 te
897 3767 975 3815 esse
996 3754 1160 3818 v1rtut1s.
2025 3799 2030 3810 .

520 3881 543 3916 ι.
560 3865 625 3930 neg.
642 3877 681 3929 ις.
717 3835 934 4007 advirdlirtter
953 3838 1117 4008 salvffil
1133 3835 1257 4004 Davtid
1277 3836 1406 3912 virum
1427 3863 1540 3914 nrum
1559 3835 1720 3933 Michol,
1736 3862 1822 3912 cum
1842 3849 2084 3934 quareretur

793 3959 829 4006 m
891 3959 951 4008 em
978 3959 1001 4004 a
1118 3959 1139 4004 e
1188 3955 1266 4005 are
1297 3957 1376 4006 suo.

520 4071 542 4108 ι.
560 4053 623 4124 neg.
639 4055 682 4112 25.
765 4027 861 4102 Cum
876 4029 1032 4104 vidisset
1051 3957 1195 4123 Abigalil
1212 4029 1340 4106 virum
1359 4054 1470 4103 suum
1489 4029 1607 4104 Nabal
1617 4029 1710 4104 dure
1725 4055 1785 4105 res
1834 4027 1960 4104 ndisse
1974 4051 2077 4104 nun-

717 4125 785 4294 cilis
819 4123 960 4296 David,
976 4121 1188 4221 festinavit,
1206 4133 1246 4198 et
1272 4125 1361 4204 tulit
1384 4125 1533 4206 diversa
1559 4128 1694 4224 xenia,
1710 4137 1748 4204 et
1815 4125 1905 4208 avid
1931 4127 2084 4206 italum
