<?xml version="1.0" encoding="UTF-8"?>
<!DOCTYPE html PUBLIC "-//W3C//DTD XHTML 1.0 Transitional//EN"
    "http://www.w3.org/TR/xhtml1/DTD/xhtml1-transitional.dtd">
<html xmlns="http://www.w3.org/1999/xhtml" xml:lang="en" lang="en">
 <head>
  <title>
</title>
<meta http-equiv="Content-Type" content="text/html;charset=utf-8" />
  <meta name='ocr-system' content='tesseract 3.04.00' />
  <meta name='ocr-capabilities' content='ocr_page ocr_carea ocr_par ocr_line ocrx_word'/>
</head>
<body>
  <div class='ocr_page' id='page_1' title='image "./exemplabiblicai00hanagoog_0092.png"; bbox 0 0 4310 5472; ppageno 0'>
   <div class='ocr_carea' id='block_1_1' title="bbox 372 338 1441 466">
    <p class='ocr_par' dir='ltr' id='par_1_1' title="bbox 372 338 1441 466">
     <span class='ocr_line' id='line_1_1' title="bbox 372 338 1441 466; baseline 0.012 -30"><span class='ocrx_word' id='word_1_1' title='bbox 372 351 633 440; x_wconf 79' lang='lat' dir='ltr'><strong>TITULUS</strong></span> <span class='ocrx_word' id='word_1_2' title='bbox 675 355 783 441; x_wconf 88' lang='lat' dir='ltr'>XLI.</span> <span class='ocrx_word' id='word_1_3' title='bbox 809 356 1026 464; x_wconf 50' lang='lat' dir='ltr'><strong>,Dilectio</strong></span> <span class='ocrx_word' id='word_1_4' title='bbox 1073 338 1180 441; x_wconf 52' lang='lat' dir='ltr'><strong>Deis</strong></span> <span class='ocrx_word' id='word_1_5' title='bbox 1396 390 1441 466; x_wconf 88' lang='lat'><strong>77</strong></span> 
     </span>
    </p>
   </div>
   <div class='ocr_carea' id='block_1_2' title="bbox 1 567 1658 2170">
    <p class='ocr_par' dir='ltr' id='par_1_2' title="bbox 1 567 1601 855">
     <span class='ocr_line' id='line_1_2' title="bbox 148 567 1601 678; baseline -0.006 -34"><span class='ocrx_word' id='word_1_6' title='bbox 148 577 202 644; x_wconf 89' lang='lat' dir='ltr'><strong>De</strong></span> <span class='ocrx_word' id='word_1_7' title='bbox 232 595 316 678; x_wconf 81' lang='lat' dir='ltr'><strong>rege</strong></span> <span class='ocrx_word' id='word_1_8' title='bbox 338 568 459 641; x_wconf 83' lang='lat' dir='ltr'><strong>David</strong></span> <span class='ocrx_word' id='word_1_9' title='bbox 481 567 642 639; x_wconf 89' lang='lat' dir='ltr'><strong>dicitur:</strong></span> <span class='ocrx_word' id='word_1_10' title='bbox 671 571 725 641; x_wconf 89' lang='lat' dir='ltr'><strong>De</strong></span> <span class='ocrx_word' id='word_1_11' title='bbox 751 573 854 644; x_wconf 90' lang='lat' dir='ltr'><strong>omni</strong></span> <span class='ocrx_word' id='word_1_12' title='bbox 882 570 989 642; x_wconf 82' lang='lat' dir='ltr'><strong>corde</strong></span> <span class='ocrx_word' id='word_1_13' title='bbox 1021 595 1088 640; x_wconf 90' lang='lat' dir='ltr'><strong>suo</strong></span> <span class='ocrx_word' id='word_1_14' title='bbox 1114 568 1282 640; x_wconf 82' lang='lat' dir='ltr'><strong>laudavit</strong></span> <span class='ocrx_word' id='word_1_15' title='bbox 1309 569 1601 664; x_wconf 70' lang='lat' dir='ltr'><strong>Dt·11¹n,acct.47.</strong></span> 
     </span>
     <span class='ocr_line' id='line_1_3' title="bbox 101 659 1447 759; baseline -0.007 -20"><span class='ocrx_word' id='word_1_16' title='bbox 101 681 135 738; x_wconf 91' lang='lat' dir='ltr'><strong>et</strong></span> <span class='ocrx_word' id='word_1_17' title='bbox 169 659 320 738; x_wconf 66' lang='lat' dir='ltr'><strong>dilexrt‘</strong></span> <span class='ocrx_word' id='word_1_18' title='bbox 336 665 561 754; x_wconf 89' lang='lat' dir='ltr'><strong>Dominum,</strong></span> <span class='ocrx_word' id='word_1_19' title='bbox 592 665 657 757; x_wconf 92' lang='lat' dir='ltr'><strong>qui</strong></span> <span class='ocrx_word' id='word_1_20' title='bbox 687 663 774 736; x_wconf 80' lang='lat' dir='ltr'><strong>lecit</strong></span> <span class='ocrx_word' id='word_1_21' title='bbox 808 666 925 739; x_wconf 88' lang='lat' dir='ltr'><strong>illum.</strong></span> <span class='ocrx_word' id='word_1_22' title='bbox 960 664 1071 737; x_wconf 87' lang='lat' dir='ltr'><strong>Unde</strong></span> <span class='ocrx_word' id='word_1_23' title='bbox 1100 665 1254 759; x_wconf 84' lang='lat' dir='ltr'>ipsemet</span> <span class='ocrx_word' id='word_1_24' title='bbox 1284 663 1447 734; x_wconf 83' lang='lat' dir='ltr'><strong>dicebat:</strong></span> 
     </span>
     <span class='ocr_line' id='line_1_4' title="bbox 1 756 871 855; baseline -0.003 -22"><span class='ocrx_word' id='word_1_25' title='bbox 1 808 2 815; x_wconf 64' lang='lat'><strong>.</strong></span> <span class='ocrx_word' id='word_1_26' title='bbox 98 763 259 855; x_wconf 82' lang='lat' dir='ltr'><strong>Diligaiir</strong></span> <span class='ocrx_word' id='word_1_27' title='bbox 283 771 341 849; x_wconf 90' lang='lat' dir='ltr'><strong>te,</strong></span> <span class='ocrx_word' id='word_1_28' title='bbox 366 759 547 848; x_wconf 81' lang='lat' dir='ltr'>Domine,</span> <span class='ocrx_word' id='word_1_29' title='bbox 575 756 756 832; x_wconf 87' lang='lat' dir='ltr'><strong>fortitudo</strong></span> <span class='ocrx_word' id='word_1_30' title='bbox 780 787 871 832; x_wconf 90' lang='lat' dir='ltr'><strong>mea.</strong></span> 
     </span>
    </p>

    <p class='ocr_par' dir='ltr' id='par_1_3' title="bbox 95 851 1658 1040">
     <span class='ocr_line' id='line_1_5' title="bbox 145 851 1658 950; baseline -0.002 -23"><span class='ocrx_word' id='word_1_31' title='bbox 145 853 347 950; x_wconf 79' lang='lat' dir='ltr'><strong>Apostolus</strong></span> <span class='ocrx_word' id='word_1_32' title='bbox 373 853 512 923; x_wconf 88' lang='lat' dir='ltr'><strong>Paulus</strong></span> <span class='ocrx_word' id='word_1_33' title='bbox 540 851 650 922; x_wconf 89' lang='lat' dir='ltr'><strong>talem</strong></span> <span class='ocrx_word' id='word_1_34' title='bbox 680 853 767 926; x_wconf 89' lang='lat' dir='ltr'><strong>tulit</strong></span> <span class='ocrx_word' id='word_1_35' title='bbox 798 857 1044 927; x_wconf 88' lang='lat' dir='ltr'><strong>sententiam:</strong></span> <span class='ocrx_word' id='word_1_36' title='bbox 1072 855 1217 948; x_wconf 89' lang='lat' dir='ltr'><strong>Siquis</strong></span> <span class='ocrx_word' id='word_1_37' title='bbox 1248 878 1324 923; x_wconf 90' lang='lat' dir='ltr'><strong>non</strong></span> <span class='ocrx_word' id='word_1_38' title='bbox 1351 865 1450 924; x_wconf 83' lang='lat' dir='ltr'><strong>amat</strong></span> <span class='ocrx_word' id='word_1_39' title='bbox 1473 896 1494 928; x_wconf 83' lang='grc' dir='ltr'><strong>ι.</strong></span> <span class='ocrx_word' id='word_1_40' title='bbox 1520 877 1581 931; x_wconf 73' lang='lat' dir='ltr'><strong>cor.</strong></span> <span class='ocrx_word' id='word_1_41' title='bbox 1608 882 1658 931; x_wconf 74' lang='lat'><strong>16..</strong></span> 
     </span>
     <span class='ocr_line' id='line_1_6' title="bbox 95 943 1257 1040; baseline -0.005 -18"><span class='ocrx_word' id='word_1_42' title='bbox 95 951 305 1022; x_wconf 90' lang='lat' dir='ltr'><strong>Dominum</strong></span> <span class='ocrx_word' id='word_1_43' title='bbox 329 947 457 1017; x_wconf 88' lang='lat' dir='ltr'><strong>Jesum</strong></span> <span class='ocrx_word' id='word_1_44' title='bbox 490 943 699 1034; x_wconf 87' lang='lat' dir='ltr'><strong>Christum,</strong></span> <span class='ocrx_word' id='word_1_45' title='bbox 717 947 765 1017; x_wconf 89' lang='lat' dir='ltr'><strong>sit</strong></span> <span class='ocrx_word' id='word_1_46' title='bbox 791 949 988 1020; x_wconf 85' lang='lat' dir='ltr'><strong>anathema</strong></span> <span class='ocrx_word' id='word_1_47' title='bbox 1004 1004 1014 1040; x_wconf 94' lang='lat'><strong>,</strong></span> <span class='ocrx_word' id='word_1_48' title='bbox 1031 947 1257 1022; x_wconf 87' lang='lat' dir='ltr'><strong>Maranatha.</strong></span> 
     </span>
    </p>

    <p class='ocr_par' dir='ltr' id='par_1_4' title="bbox 97 1039 1609 1414">
     <span class='ocr_line' id='line_1_7' title="bbox 145 1039 1609 1136; baseline 0.001 -23"><span class='ocrx_word' id='word_1_49' title='bbox 145 1045 250 1132; x_wconf 81' lang='lat' dir='ltr'><strong>Quia</strong></span> <span class='ocrx_word' id='word_1_50' title='bbox 273 1067 377 1112; x_wconf 88' lang='lat' dir='ltr'><strong>amor</strong></span> <span class='ocrx_word' id='word_1_51' title='bbox 403 1051 458 1109; x_wconf 87' lang='lat' dir='ltr'><strong>est</strong></span> <span class='ocrx_word' id='word_1_52' title='bbox 483 1039 604 1110; x_wconf 83' lang='lat' dir='ltr'><strong>virtus</strong></span> <span class='ocrx_word' id='word_1_53' title='bbox 627 1040 768 1112; x_wconf 86' lang='lat' dir='ltr'><strong>motiva</strong></span> <span class='ocrx_word' id='word_1_54' title='bbox 788 1041 834 1112; x_wconf 84' lang='lat' dir='ltr'><strong>ad</strong></span> <span class='ocrx_word' id='word_1_55' title='bbox 857 1043 1069 1132; x_wconf 83' lang='lat' dir='ltr'><strong>Christum,</strong></span> <span class='ocrx_word' id='word_1_56' title='bbox 1091 1067 1265 1136; x_wconf 81' lang='lat' dir='ltr'><strong>magnum</strong></span> <span class='ocrx_word' id='word_1_57' title='bbox 1289 1067 1450 1131; x_wconf 82' lang='lat' dir='ltr'><strong>amorem</strong></span> <span class='ocrx_word' id='word_1_58' title='bbox 1470 1063 1557 1116; x_wconf 73' lang='lat' dir='ltr'><strong>Galat.</strong></span> <span class='ocrx_word' id='word_1_59' title='bbox 1583 1080 1609 1114; x_wconf 84' lang='lat'><strong>2.</strong></span> 
     </span>
     <span class='ocr_line' id='line_1_8' title="bbox 97 1126 1458 1228; baseline -0.003 -20"><span class='ocrx_word' id='word_1_60' title='bbox 97 1139 245 1209; x_wconf 90' lang='lat' dir='ltr'><strong>Paulus</strong></span> <span class='ocrx_word' id='word_1_61' title='bbox 262 1135 441 1221; x_wconf 89' lang='lat' dir='ltr'><strong>habebat,</strong></span> <span class='ocrx_word' id='word_1_62' title='bbox 461 1135 527 1226; x_wconf 92' lang='lat' dir='ltr'><strong>qui</strong></span> <span class='ocrx_word' id='word_1_63' title='bbox 543 1132 576 1202; x_wconf 86' lang='lat' dir='ltr'><strong>ei</strong></span> <span class='ocrx_word' id='word_1_64' title='bbox 595 1126 798 1206; x_wconf 82' lang='lat' dir='ltr'><strong>crucifixus</strong></span> <span class='ocrx_word' id='word_1_65' title='bbox 815 1149 903 1207; x_wconf 88' lang='lat' dir='ltr'><strong>erat.</strong></span> <span class='ocrx_word' id='word_1_66' title='bbox 919 1129 967 1206; x_wconf 82' lang='lat' dir='ltr'><strong>&#39;Et</strong></span> <span class='ocrx_word' id='word_1_67' title='bbox 986 1149 1106 1228; x_wconf 89' lang='lat' dir='ltr'><strong>potest</strong></span> <span class='ocrx_word' id='word_1_68' title='bbox 1122 1137 1244 1206; x_wconf 85' lang='lat' dir='ltr'><strong>notari</strong></span> <span class='ocrx_word' id='word_1_69' title='bbox 1263 1136 1307 1205; x_wconf 90' lang='lat' dir='ltr'><strong>de</strong></span> <span class='ocrx_word' id='word_1_70' title='bbox 1324 1137 1458 1224; x_wconf 83' lang='lat' dir='ltr'><strong>Paule,</strong></span> 
     </span>
     <span class='ocr_line' id='line_1_9' title="bbox 97 1227 1544 1325; baseline -0.003 -23"><span class='ocrx_word' id='word_1_71' title='bbox 97 1231 204 1325; x_wconf 88' lang='lat' dir='ltr'><strong>quod</strong></span> <span class='ocrx_word' id='word_1_72' title='bbox 221 1229 392 1299; x_wconf 89' lang='lat' dir='ltr'><strong>Christus</strong></span> <span class='ocrx_word' id='word_1_73' title='bbox 411 1238 489 1296; x_wconf 88' lang='lat' dir='ltr'><strong>erat</strong></span> <span class='ocrx_word' id='word_1_74' title='bbox 511 1229 545 1296; x_wconf 88' lang='lat' dir='ltr'><strong>ei</strong></span> <span class='ocrx_word' id='word_1_75' title='bbox 568 1251 635 1297; x_wconf 86' lang='lat' dir='ltr'><strong>sua</strong></span> <span class='ocrx_word' id='word_1_76' title='bbox 651 1229 843 1321; x_wconf 87' lang='lat' dir='ltr'><strong>sapientia:</strong></span> <span class='ocrx_word' id='word_1_77' title='bbox 862 1229 944 1300; x_wconf 89' lang='lat' dir='ltr'><strong>Non</strong></span> <span class='ocrx_word' id='word_1_78' title='bbox 964 1229 1146 1322; x_wconf 86' lang='lat' dir='ltr'><strong>judicavit</strong></span> <span class='ocrx_word' id='word_1_79' title='bbox 1161 1253 1221 1299; x_wconf 90' lang='lat' dir='ltr'><strong>me</strong></span> <span class='ocrx_word' id='word_1_80' title='bbox 1240 1229 1332 1298; x_wconf 92' lang='lat' dir='ltr'><strong>scire</strong></span> <span class='ocrx_word' id='word_1_81' title='bbox 1350 1227 1452 1298; x_wconf 86' lang='lat' dir='ltr'><strong>aliud</strong></span> <span class='ocrx_word' id='word_1_82' title='bbox 1543 1271 1544 1274; x_wconf 61' lang='lat'><em>=</em></span> 
     </span>
     <span class='ocr_line' id='line_1_10' title="bbox 98 1321 1585 1414; baseline -0.005 -19"><span class='ocrx_word' id='word_1_83' title='bbox 98 1327 204 1396; x_wconf 89' lang='lat' dir='ltr'><strong>inter</strong></span> <span class='ocrx_word' id='word_1_84' title='bbox 229 1346 319 1411; x_wconf 85' lang='lat' dir='ltr'><strong>vos,</strong></span> <span class='ocrx_word' id='word_1_85' title='bbox 344 1321 418 1391; x_wconf 90' lang='lat' dir='ltr'><strong>nisi</strong></span> <span class='ocrx_word' id='word_1_86' title='bbox 443 1321 570 1390; x_wconf 87' lang='lat' dir='ltr'><strong>Jesum</strong></span> <span class='ocrx_word' id='word_1_87' title='bbox 598 1321 812 1414; x_wconf 90' lang='lat' dir='ltr'><strong>Christum,</strong></span> <span class='ocrx_word' id='word_1_88' title='bbox 834 1335 870 1394; x_wconf 87' lang='lat' dir='ltr'><strong>et</strong></span> <span class='ocrx_word' id='word_1_89' title='bbox 895 1322 1256 1394; x_wconf 83' lang='lat' dir='ltr'><strong>hunccrucifixum.</strong></span> <span class='ocrx_word' id='word_1_90' title='bbox 1582 1381 1585 1388; x_wconf 79' lang='grc'>,</span> 
     </span>
    </p>

    <p class='ocr_par' dir='ltr' id='par_1_5' title="bbox 100 1414 1632 1599">
     <span class='ocr_line' id='line_1_11' title="bbox 150 1414 1632 1512; baseline 0.003 -24"><span class='ocrx_word' id='word_1_91' title='bbox 150 1420 248 1490; x_wconf 90' lang='lat' dir='ltr'><strong>Item</strong></span> <span class='ocrx_word' id='word_1_92' title='bbox 279 1440 347 1486; x_wconf 88' lang='lat' dir='ltr'><strong>sua</strong></span> <span class='ocrx_word' id='word_1_93' title='bbox 378 1414 605 1486; x_wconf 86' lang='lat' dir='ltr'><strong>substantia:</strong></span> <span class='ocrx_word' id='word_1_94' title='bbox 640 1417 955 1512; x_wconf 58' lang='lat' dir='ltr'><strong>omniminquit,</strong></span> <span class='ocrx_word' id='word_1_95' title='bbox 989 1415 1254 1488; x_wconf 84' lang='lat' dir='ltr'><strong>detrimentum</strong></span> <span class='ocrx_word' id='word_1_96' title='bbox 1291 1415 1383 1507; x_wconf 86' lang='lat' dir='ltr'><strong>feci,</strong></span> <span class='ocrx_word' id='word_1_97' title='bbox 1416 1427 1452 1486; x_wconf 90' lang='lat' dir='ltr'><strong>et</strong></span> <span class='ocrx_word' id='word_1_98' title='bbox 1471 1437 1586 1507; x_wconf 83' lang='lat' dir='ltr'><strong>Philipp.</strong></span> <span class='ocrx_word' id='word_1_99' title='bbox 1608 1442 1632 1493; x_wconf 79' lang='lat' dir='ltr'><strong>s.</strong></span> 
     </span>
     <span class='ocr_line' id='line_1_12' title="bbox 100 1510 1075 1599; baseline -0.004 -16"><span class='ocrx_word' id='word_1_100' title='bbox 100 1513 265 1583; x_wconf 79' lang='lat' dir='ltr'><strong>arbitror</strong></span> <span class='ocrx_word' id='word_1_101' title='bbox 288 1523 330 1580; x_wconf 92' lang='lat' dir='ltr'><strong>ut</strong></span> <span class='ocrx_word' id='word_1_102' title='bbox 354 1521 534 1599; x_wconf 80' lang='lat' dir='ltr'><strong>stercora,</strong></span> <span class='ocrx_word' id='word_1_103' title='bbox 556 1523 599 1580; x_wconf 93' lang='lat' dir='ltr'><strong>ut</strong></span> <span class='ocrx_word' id='word_1_104' title='bbox 622 1510 814 1583; x_wconf 86' lang='lat' dir='ltr'><strong>Christum</strong></span> <span class='ocrx_word' id='word_1_105' title='bbox 836 1511 1075 1583; x_wconf 87' lang='lat' dir='ltr'><strong>lucrifaciam.</strong></span> 
     </span>
    </p>

    <p class='ocr_par' dir='ltr' id='par_1_6' title="bbox 97 1601 1623 1771">
     <span class='ocr_line' id='line_1_13' title="bbox 149 1601 1623 1769; baseline 0.006 -93"><span class='ocrx_word' id='word_1_106' title='bbox 149 1608 224 1769; x_wconf 54' lang='lat' dir='ltr'><strong>Sug</strong></span> <span class='ocrx_word' id='word_1_107' title='bbox 245 1603 406 1700; x_wconf 85' lang='lat' dir='ltr'><strong>justitia,</strong></span> <span class='ocrx_word' id='word_1_108' title='bbox 423 1601 543 1675; x_wconf 87' lang='lat' dir='ltr'><strong>factus</strong></span> <span class='ocrx_word' id='word_1_109' title='bbox 560 1617 616 1676; x_wconf 89' lang='lat' dir='ltr'><strong>est</strong></span> <span class='ocrx_word' id='word_1_110' title='bbox 637 1607 745 1678; x_wconf 90' lang='lat' dir='ltr'><strong>nobis</strong></span> <span class='ocrx_word' id='word_1_111' title='bbox 761 1607 955 1700; x_wconf 87' lang='lat' dir='ltr'><strong>sapientia,</strong></span> <span class='ocrx_word' id='word_1_112' title='bbox 966 1605 1111 1701; x_wconf 86' lang='lat' dir='ltr'><strong>justitia</strong></span> <span class='ocrx_word' id='word_1_113' title='bbox 1133 1616 1169 1675; x_wconf 88' lang='lat' dir='ltr'><strong>et</strong></span> <span class='ocrx_word' id='word_1_114' title='bbox 1193 1603 1452 1698; x_wconf 87' lang='lat' dir='ltr'><strong>sanctificatio,</strong></span> <span class='ocrx_word' id='word_1_115' title='bbox 1472 1628 1571 1682; x_wconf 69' lang='lat' dir='ltr'><strong>coloss</strong></span> <span class='ocrx_word' id='word_1_116' title='bbox 1600 1653 1623 1685; x_wconf 77' lang='grc' dir='ltr'><strong>ι.</strong></span> 
     </span>
     <span class='ocr_line' id='line_1_14' title="bbox 97 1699 430 1771; baseline -0.012 0"><span class='ocrx_word' id='word_1_117' title='bbox 97 1699 430 1771; x_wconf 62' lang='lat' dir='ltr'><strong>mmmm-</strong></span> 
     </span>
    </p>

    <p class='ocr_par' dir='ltr' id='par_1_7' title="bbox 99 1723 1648 1985">
     <span class='ocr_line' id='line_1_15' title="bbox 148 1723 1648 1890; baseline 0.003 -25"><span class='ocrx_word' id='word_1_118' title='bbox 148 1795 276 1865; x_wconf 86' lang='lat' dir='ltr'><strong>Potest</strong></span> <span class='ocrx_word' id='word_1_119' title='bbox 286 1723 385 1884; x_wconf 70' lang='lat' dir='ltr'><strong>ilici,</strong></span> <span class='ocrx_word' id='word_1_120' title='bbox 402 1792 503 1888; x_wconf 89' lang='lat' dir='ltr'><strong>quod</strong></span> <span class='ocrx_word' id='word_1_121' title='bbox 525 1793 695 1866; x_wconf 88' lang='lat' dir='ltr'><strong>Christus</strong></span> <span class='ocrx_word' id='word_1_122' title='bbox 706 1795 747 1866; x_wconf 92' lang='lat' dir='ltr'><strong>in</strong></span> <span class='ocrx_word' id='word_1_123' title='bbox 768 1821 810 1868; x_wconf 89' lang='lat' dir='ltr'><strong>eo</strong></span> <span class='ocrx_word' id='word_1_124' title='bbox 822 1796 858 1867; x_wconf 93' lang='lat' dir='ltr'><strong>lo</strong></span> <span class='ocrx_word' id='word_1_125' title='bbox 885 1796 1044 1868; x_wconf 82' lang='lat' dir='ltr'><strong>uebatur</strong></span> <span class='ocrx_word' id='word_1_126' title='bbox 1058 1821 1065 1864; x_wconf 95' lang='lat'>:</span> <span class='ocrx_word' id='word_1_127' title='bbox 1078 1798 1137 1871; x_wconf 91' lang='lat' dir='ltr'><strong>An</strong></span> <span class='ocrx_word' id='word_1_128' title='bbox 1154 1797 1452 1890; x_wconf 87' lang='lat' dir='ltr'><strong>experimentum</strong></span> <span class='ocrx_word' id='word_1_129' title='bbox 1474 1832 1498 1864; x_wconf 82' lang='grc' dir='ltr'><strong>ι.</strong></span> <span class='ocrx_word' id='word_1_130' title='bbox 1520 1814 1582 1866; x_wconf 70' lang='lat' dir='ltr'><strong>cor.</strong></span> <span class='ocrx_word' id='word_1_131' title='bbox 1610 1819 1648 1886; x_wconf 67' lang='lat'><strong>14.</strong></span> 
     </span>
     <span class='ocr_line' id='line_1_16' title="bbox 99 1889 1049 1985; baseline 0 -25"><span class='ocrx_word' id='word_1_132' title='bbox 99 1889 271 1984; x_wconf 79' lang='lat' dir='ltr'><strong>quaeritis</strong></span> <span class='ocrx_word' id='word_1_133' title='bbox 298 1891 398 1982; x_wconf 85' lang='lat' dir='ltr'><strong>ejus,</strong></span> <span class='ocrx_word' id='word_1_134' title='bbox 415 1891 482 1983; x_wconf 90' lang='lat' dir='ltr'><strong>qui</strong></span> <span class='ocrx_word' id='word_1_135' title='bbox 509 1890 550 1959; x_wconf 91' lang='lat' dir='ltr'><strong>in</strong></span> <span class='ocrx_word' id='word_1_136' title='bbox 577 1911 636 1960; x_wconf 88' lang='lat' dir='ltr'><strong>me</strong></span> <span class='ocrx_word' id='word_1_137' title='bbox 652 1889 821 1985; x_wconf 88' lang='lat' dir='ltr'><strong>loquitur</strong></span> <span class='ocrx_word' id='word_1_138' title='bbox 848 1892 876 1977; x_wconf 84' lang='lat' dir='ltr'><strong>C</strong></span> <span class='ocrx_word' id='word_1_139' title='bbox 906 1889 1049 1962; x_wconf 78' lang='lat' dir='ltr'><strong>ristusl</strong></span> 
     </span>
    </p>

    <p class='ocr_par' dir='ltr' id='par_1_8' title="bbox 101 1981 1607 2170">
     <span class='ocr_line' id='line_1_17' title="bbox 151 1981 1607 2080; baseline 0.003 -28"><span class='ocrx_word' id='word_1_140' title='bbox 151 1986 247 2054; x_wconf 84' lang='lat' dir='ltr'><strong>Item</strong></span> <span class='ocrx_word' id='word_1_141' title='bbox 276 1981 448 2054; x_wconf 88' lang='lat' dir='ltr'><strong>Christus</strong></span> <span class='ocrx_word' id='word_1_142' title='bbox 472 1984 513 2054; x_wconf 91' lang='lat' dir='ltr'><strong>in</strong></span> <span class='ocrx_word' id='word_1_143' title='bbox 551 2009 594 2056; x_wconf 93' lang='lat' dir='ltr'><strong>eo</strong></span> <span class='ocrx_word' id='word_1_144' title='bbox 625 1986 872 2076; x_wconf 85' lang='lat' dir='ltr'><strong>operabatur:</strong></span> <span class='ocrx_word' id='word_1_145' title='bbox 907 1984 999 2056; x_wconf 59' lang='lat' dir='ltr'><strong>Non*</strong></span> <span class='ocrx_word' id='word_1_146' title='bbox 1024 1985 1142 2057; x_wconf 82' lang='lat' dir='ltr'><strong>audeo</strong></span> <span class='ocrx_word' id='word_1_147' title='bbox 1177 1984 1318 2080; x_wconf 83' lang='lat' dir='ltr'><strong>aliquid</strong></span> <span class='ocrx_word' id='word_1_148' title='bbox 1349 1983 1453 2080; x_wconf 90' lang='lat' dir='ltr'><strong>loqui</strong></span> <span class='ocrx_word' id='word_1_149' title='bbox 1474 2005 1560 2055; x_wconf 77' lang='lat' dir='ltr'><strong>Galat.</strong></span> <span class='ocrx_word' id='word_1_150' title='bbox 1582 2021 1607 2056; x_wconf 63' lang='grc' dir='ltr'><strong>η.</strong></span> 
     </span>
     <span class='ocr_line' id='line_1_18' title="bbox 101 2075 994 2170; baseline 0.002 -24"><span class='ocrx_word' id='word_1_151' title='bbox 101 2101 253 2166; x_wconf 87' lang='lat' dir='ltr'><strong>eorum,</strong></span> <span class='ocrx_word' id='word_1_152' title='bbox 282 2101 366 2170; x_wconf 86' lang='lat' dir='ltr'><strong>quae</strong></span> <span class='ocrx_word' id='word_1_153' title='bbox 392 2103 458 2170; x_wconf 88' lang='lat' dir='ltr'><strong>per</strong></span> <span class='ocrx_word' id='word_1_154' title='bbox 482 2103 643 2148; x_wconf 88' lang='lat' dir='ltr'><strong>menon</strong></span> <span class='ocrx_word' id='word_1_155' title='bbox 673 2075 784 2148; x_wconf 89' lang='lat' dir='ltr'><strong>efficit</strong></span> <span class='ocrx_word' id='word_1_156' title='bbox 812 2079 994 2150; x_wconf 89' lang='lat' dir='ltr'><strong>Christus.</strong></span> 
     </span>
    </p>
   </div>
   <div class='ocr_carea' id='block_1_3' title="bbox 102 2169 1652 2330">
    <p class='ocr_par' dir='ltr' id='par_1_9' title="bbox 102 2169 1652 2330">
     <span class='ocr_line' id='line_1_19' title="bbox 153 2169 1652 2267; baseline 0.001 -29"><span class='ocrx_word' id='word_1_157' title='bbox 153 2172 249 2238; x_wconf 87' lang='lat' dir='ltr'><strong>Item</strong></span> <span class='ocrx_word' id='word_1_158' title='bbox 273 2169 446 2239; x_wconf 89' lang='lat' dir='ltr'><strong>Christus</strong></span> <span class='ocrx_word' id='word_1_159' title='bbox 471 2172 512 2240; x_wconf 91' lang='lat' dir='ltr'><strong>in</strong></span> <span class='ocrx_word' id='word_1_160' title='bbox 536 2195 579 2240; x_wconf 92' lang='lat' dir='ltr'><strong>eo</strong></span> <span class='ocrx_word' id='word_1_161' title='bbox 600 2172 778 2245; x_wconf 81' lang='lat' dir='ltr'><strong>vivebat:</strong></span> <span class='ocrx_word' id='word_1_162' title='bbox 805 2170 905 2245; x_wconf 80' lang='lat' dir='ltr'><strong>Vivo</strong></span> <span class='ocrx_word' id='word_1_163' title='bbox 929 2196 995 2265; x_wconf 81' lang='lat' dir='ltr'><strong>ego</strong></span> <span class='ocrx_word' id='word_1_164' title='bbox 1007 2226 1016 2265; x_wconf 93' lang='lat'><strong>,</strong></span> <span class='ocrx_word' id='word_1_165' title='bbox 1038 2175 1218 2267; x_wconf 81' lang='lat' dir='ltr'><strong>jamnon</strong></span> <span class='ocrx_word' id='word_1_166' title='bbox 1247 2195 1313 2266; x_wconf 84' lang='lat' dir='ltr'><strong>ego</strong></span> <span class='ocrx_word' id='word_1_167' title='bbox 1325 2225 1335 2263; x_wconf 94' lang='lat'><strong>,</strong></span> <span class='ocrx_word' id='word_1_168' title='bbox 1356 2172 1454 2245; x_wconf 89' lang='lat' dir='ltr'><strong>vivit</strong></span> <span class='ocrx_word' id='word_1_169' title='bbox 1475 2191 1584 2243; x_wconf 74' lang='lat' dir='ltr'><strong>codem.</strong></span> <span class='ocrx_word' id='word_1_170' title='bbox 1648 2187 1652 2200; x_wconf 90' lang='lat'>&#39;</span> 
     </span>
     <span class='ocr_line' id='line_1_20' title="bbox 102 2261 584 2330; baseline -0.004 0"><span class='ocrx_word' id='word_1_171' title='bbox 102 2272 230 2330; x_wconf 87' lang='lat' dir='ltr'><strong>autem</strong></span> <span class='ocrx_word' id='word_1_172' title='bbox 254 2261 378 2330; x_wconf 89' lang='lat' dir='ltr'><strong>inme</strong></span> <span class='ocrx_word' id='word_1_173' title='bbox 404 2261 584 2330; x_wconf 87' lang='lat' dir='ltr'><strong>Christus.</strong></span> 
     </span>
    </p>
   </div>
   <div class='ocr_carea' id='block_1_4' title="bbox 99 2351 1769 4241">
    <p class='ocr_par' dir='ltr' id='par_1_10' title="bbox 154 2351 1637 2444">
     <span class='ocr_line' id='line_1_21' title="bbox 154 2351 1637 2444; baseline 0.002 -21"><span class='ocrx_word' id='word_1_174' title='bbox 154 2353 249 2423; x_wconf 89' lang='lat' dir='ltr'><strong>Mihi</strong></span> <span class='ocrx_word' id='word_1_175' title='bbox 270 2355 399 2425; x_wconf 83' lang='lat' dir='ltr'><strong>vivere</strong></span> <span class='ocrx_word' id='word_1_176' title='bbox 427 2351 598 2424; x_wconf 83' lang='lat' dir='ltr'><strong>Christus</strong></span> <span class='ocrx_word' id='word_1_177' title='bbox 628 2365 706 2444; x_wconf 36' lang='lat' dir='ltr'><strong>est..</strong></span> <span class='ocrx_word' id='word_1_178' title='bbox 1476 2377 1589 2442; x_wconf 79' lang='lat' dir='ltr'><strong>Philipp.</strong></span> <span class='ocrx_word' id='word_1_179' title='bbox 1612 2379 1637 2428; x_wconf 86' lang='lat'><strong>3.</strong></span> 
     </span>
    </p>

    <p class='ocr_par' dir='ltr' id='par_1_11' title="bbox 99 2445 1636 2635">
     <span class='ocr_line' id='line_1_22' title="bbox 154 2445 1636 2545; baseline 0.002 -27"><span class='ocrx_word' id='word_1_180' title='bbox 154 2449 247 2518; x_wconf 88' lang='lat' dir='ltr'><strong>Item</strong></span> <span class='ocrx_word' id='word_1_181' title='bbox 279 2445 451 2517; x_wconf 89' lang='lat' dir='ltr'><strong>Christus</strong></span> <span class='ocrx_word' id='word_1_182' title='bbox 481 2448 522 2516; x_wconf 88' lang='lat' dir='ltr'><strong>in</strong></span> <span class='ocrx_word' id='word_1_183' title='bbox 556 2471 641 2516; x_wconf 92' lang='lat' dir='ltr'><strong>eum</strong></span> <span class='ocrx_word' id='word_1_184' title='bbox 667 2446 895 2541; x_wconf 86' lang='lat' dir='ltr'><strong>triumphat:</strong></span> <span class='ocrx_word' id='word_1_185' title='bbox 925 2447 1016 2518; x_wconf 42' lang='lat' dir='ltr'><strong>Deo*</strong></span> <span class='ocrx_word' id='word_1_186' title='bbox 1039 2450 1194 2543; x_wconf 81' lang='lat' dir='ltr'><strong>gratias,</strong></span> <span class='ocrx_word' id='word_1_187' title='bbox 1222 2451 1288 2545; x_wconf 93' lang='lat' dir='ltr'><strong>qui</strong></span> <span class='ocrx_word' id='word_1_188' title='bbox 1316 2473 1458 2544; x_wconf 88' lang='lat' dir='ltr'><strong>semper</strong></span> <span class='ocrx_word' id='word_1_189' title='bbox 1474 2481 1504 2518; x_wconf 73' lang='lat' dir='ltr'><strong>s.</strong></span> <span class='ocrx_word' id='word_1_190' title='bbox 1527 2469 1588 2520; x_wconf 78' lang='lat' dir='ltr'><strong>cor.</strong></span> <span class='ocrx_word' id='word_1_191' title='bbox 1611 2487 1636 2521; x_wconf 71' lang='lat' dir='ltr'><strong>a.</strong></span> 
     </span>
     <span class='ocr_line' id='line_1_23' title="bbox 99 2539 1243 2635; baseline -0.01 -19"><span class='ocrx_word' id='word_1_192' title='bbox 99 2539 315 2635; x_wconf 82' lang='lat' dir='ltr'><strong>triumphat</strong></span> <span class='ocrx_word' id='word_1_193' title='bbox 336 2541 375 2611; x_wconf 93' lang='lat' dir='ltr'><strong>in</strong></span> <span class='ocrx_word' id='word_1_194' title='bbox 400 2565 469 2612; x_wconf 91' lang='lat' dir='ltr'><strong>nos</strong></span> <span class='ocrx_word' id='word_1_195' title='bbox 493 2539 651 2610; x_wconf 91' lang='lat' dir='ltr'><strong>Christo.</strong></span> <span class='ocrx_word' id='word_1_196' title='bbox 1241 2561 1243 2566; x_wconf 93' lang='lat'>·</span> 
     </span>
    </p>

    <p class='ocr_par' dir='ltr' id='par_1_12' title="bbox 156 2633 1604 2730">
     <span class='ocr_line' id='line_1_24' title="bbox 156 2633 1604 2730; baseline 0 -22"><span class='ocrx_word' id='word_1_197' title='bbox 156 2638 281 2708; x_wconf 93' lang='lat' dir='ltr'><strong>Potest</strong></span> <span class='ocrx_word' id='word_1_198' title='bbox 303 2661 452 2730; x_wconf 90' lang='lat' dir='ltr'><strong>quoque</strong></span> <span class='ocrx_word' id='word_1_199' title='bbox 470 2635 542 2707; x_wconf 90' lang='lat' dir='ltr'><strong>dici</strong></span> <span class='ocrx_word' id='word_1_200' title='bbox 563 2633 703 2705; x_wconf 87' lang='lat' dir='ltr'><strong>Christi</strong></span> <span class='ocrx_word' id='word_1_201' title='bbox 722 2658 873 2706; x_wconf 86' lang='lat' dir='ltr'><strong>servus:</strong></span> <span class='ocrx_word' id='word_1_202' title='bbox 893 2633 1032 2705; x_wconf 90' lang='lat' dir='ltr'><strong>Paulus</strong></span> <span class='ocrx_word' id='word_1_203' title='bbox 1052 2661 1182 2708; x_wconf 76' lang='lat' dir='ltr'><strong>servus</strong></span> <span class='ocrx_word' id='word_1_204' title='bbox 1201 2638 1290 2708; x_wconf 87' lang='lat' dir='ltr'><strong>Jesu</strong></span> <span class='ocrx_word' id='word_1_205' title='bbox 1307 2635 1456 2708; x_wconf 82' lang='lat' dir='ltr'><strong>Christi.</strong></span> <span class='ocrx_word' id='word_1_206' title='bbox 1478 2655 1553 2706; x_wconf 81' lang='lat' dir='ltr'><strong>nom.</strong></span> <span class='ocrx_word' id='word_1_207' title='bbox 1581 2676 1604 2708; x_wconf 81' lang='grc' dir='ltr'><strong>ι.</strong></span> 
     </span>
    </p>

    <p class='ocr_par' dir='ltr' id='par_1_13' title="bbox 100 2728 1637 2899">
     <span class='ocr_line' id='line_1_25' title="bbox 153 2728 1637 2827; baseline 0.005 -25"><span class='ocrx_word' id='word_1_208' title='bbox 153 2733 200 2802; x_wconf 81' lang='lat' dir='ltr'><strong>Et</strong></span> <span class='ocrx_word' id='word_1_209' title='bbox 230 2731 369 2802; x_wconf 87' lang='lat' dir='ltr'><strong>Christi</strong></span> <span class='ocrx_word' id='word_1_210' title='bbox 396 2731 614 2825; x_wconf 87' lang='lat' dir='ltr'><strong>Apostolus:</strong></span> <span class='ocrx_word' id='word_1_211' title='bbox 635 2729 775 2801; x_wconf 86' lang='lat' dir='ltr'><strong>Paulus</strong></span> <span class='ocrx_word' id='word_1_212' title='bbox 798 2728 995 2822; x_wconf 80' lang='lat' dir='ltr'><strong>Apostolus</strong></span> <span class='ocrx_word' id='word_1_213' title='bbox 1025 2732 1114 2804; x_wconf 90' lang='lat' dir='ltr'><strong>Jesu</strong></span> <span class='ocrx_word' id='word_1_214' title='bbox 1142 2731 1280 2803; x_wconf 91' lang='lat' dir='ltr'><strong>Christi</strong></span> <span class='ocrx_word' id='word_1_215' title='bbox 1302 2755 1369 2827; x_wconf 90' lang='lat' dir='ltr'><strong>per</strong></span> <span class='ocrx_word' id='word_1_216' title='bbox 1390 2757 1459 2804; x_wconf 87' lang='lat' dir='ltr'><strong>vo-</strong></span> <span class='ocrx_word' id='word_1_217' title='bbox 1477 2769 1501 2802; x_wconf 86' lang='lat'><strong>2.</strong></span> <span class='ocrx_word' id='word_1_218' title='bbox 1523 2755 1584 2807; x_wconf 76' lang='lat' dir='ltr'><strong>eor.</strong></span> <span class='ocrx_word' id='word_1_219' title='bbox 1614 2778 1637 2810; x_wconf 73' lang='grc' dir='ltr'><strong>ι.</strong></span> 
     </span>
     <span class='ocr_line' id='line_1_26' title="bbox 100 2827 397 2899; baseline -0.01 0"><span class='ocrx_word' id='word_1_220' title='bbox 100 2829 291 2899; x_wconf 85' lang='lat' dir='ltr'><strong>luntatem</strong></span> <span class='ocrx_word' id='word_1_221' title='bbox 319 2827 397 2897; x_wconf 92' lang='lat' dir='ltr'><strong>Dei.</strong></span> 
     </span>
    </p>

    <p class='ocr_par' dir='ltr' id='par_1_14' title="bbox 102 2918 1637 3183">
     <span class='ocr_line' id='line_1_27' title="bbox 155 2918 1637 3017; baseline 0.005 -27"><span class='ocrx_word' id='word_1_222' title='bbox 155 2921 249 2992; x_wconf 87' lang='lat' dir='ltr'><strong>Item</strong></span> <span class='ocrx_word' id='word_1_223' title='bbox 277 2920 417 2993; x_wconf 88' lang='lat' dir='ltr'><strong>Christi</strong></span> <span class='ocrx_word' id='word_1_224' title='bbox 437 2923 579 3017; x_wconf 87' lang='lat' dir='ltr'><strong>legatus</strong></span> <span class='ocrx_word' id='word_1_225' title='bbox 607 2933 643 2990; x_wconf 88' lang='lat' dir='ltr'><strong>et</strong></span> <span class='ocrx_word' id='word_1_226' title='bbox 664 2920 847 2992; x_wconf 71' lang='lat' dir='ltr'><strong>sicarius:</strong></span> <span class='ocrx_word' id='word_1_227' title='bbox 871 2943 938 3014; x_wconf 92' lang='lat' dir='ltr'><strong>pro</strong></span> <span class='ocrx_word' id='word_1_228' title='bbox 959 2918 1109 2992; x_wconf 86' lang='lat' dir='ltr'><strong>Christo</strong></span> <span class='ocrx_word' id='word_1_229' title='bbox 1133 2921 1314 3017; x_wconf 84' lang='lat' dir='ltr'><strong>legatione</strong></span> <span class='ocrx_word' id='word_1_230' title='bbox 1334 2921 1459 3014; x_wconf 83' lang='lat' dir='ltr'><strong>fungi·</strong></span> <span class='ocrx_word' id='word_1_231' title='bbox 1478 2958 1503 2992; x_wconf 67' lang='grc' dir='ltr'><strong>α.</strong></span> <span class='ocrx_word' id='word_1_232' title='bbox 1525 2944 1587 2998; x_wconf 76' lang='lat' dir='ltr'><strong>cor.</strong></span> <span class='ocrx_word' id='word_1_233' title='bbox 1611 2947 1637 3000; x_wconf 78' lang='lat'><strong>5.</strong></span> 
     </span>
     <span class='ocr_line' id='line_1_28' title="bbox 102 3015 1492 3113; baseline 0 -24"><span class='ocrx_word' id='word_1_234' title='bbox 102 3041 215 3106; x_wconf 89' lang='lat' dir='ltr'><strong>mur,</strong></span> <span class='ocrx_word' id='word_1_235' title='bbox 233 3029 411 3112; x_wconf 84' lang='lat' dir='ltr'><strong>tanquam</strong></span> <span class='ocrx_word' id='word_1_236' title='bbox 436 3019 514 3088; x_wconf 90' lang='lat' dir='ltr'><strong>Deo</strong></span> <span class='ocrx_word' id='word_1_237' title='bbox 543 3015 716 3088; x_wconf 86' lang='lat' dir='ltr'><strong>hortante</strong></span> <span class='ocrx_word' id='word_1_238' title='bbox 738 3040 806 3110; x_wconf 86' lang='lat' dir='ltr'><strong>per</strong></span> <span class='ocrx_word' id='word_1_239' title='bbox 835 3039 922 3106; x_wconf 89' lang='lat' dir='ltr'><strong>nos,</strong></span> <span class='ocrx_word' id='word_1_240' title='bbox 944 3015 1178 3089; x_wconf 85' lang='lat' dir='ltr'><strong>obsecramus</strong></span> <span class='ocrx_word' id='word_1_241' title='bbox 1200 3043 1268 3113; x_wconf 87' lang='lat' dir='ltr'><strong>pro</strong></span> <span class='ocrx_word' id='word_1_242' title='bbox 1292 3016 1458 3110; x_wconf 81' lang='lat' dir='ltr'><strong>Christe,</strong></span> <span class='ocrx_word' id='word_1_243' title='bbox 1483 3023 1492 3036; x_wconf 85' lang='lat'><strong><em>&#39;</em></strong></span> 
     </span>
     <span class='ocr_line' id='line_1_29' title="bbox 102 3110 507 3183; baseline -0.007 -1"><span class='ocrx_word' id='word_1_244' title='bbox 102 3110 399 3182; x_wconf 83' lang='lat' dir='ltr'><strong>reconciliamini</strong></span> <span class='ocrx_word' id='word_1_245' title='bbox 419 3113 507 3183; x_wconf 90' lang='lat' dir='ltr'><strong>Deo.</strong></span> 
     </span>
    </p>

    <p class='ocr_par' dir='ltr' id='par_1_15' title="bbox 158 3201 1639 3299">
     <span class='ocr_line' id='line_1_30' title="bbox 158 3201 1639 3299; baseline 0.008 -29"><span class='ocrx_word' id='word_1_246' title='bbox 158 3203 207 3270; x_wconf 90' lang='lat' dir='ltr'><strong>Et</strong></span> <span class='ocrx_word' id='word_1_247' title='bbox 228 3202 295 3271; x_wconf 88' lang='lat' dir='ltr'><strong>Dei</strong></span> <span class='ocrx_word' id='word_1_248' title='bbox 321 3201 468 3293; x_wconf 87' lang='lat' dir='ltr'><strong>adjutor</strong></span> <span class='ocrx_word' id='word_1_249' title='bbox 495 3215 590 3274; x_wconf 89' lang='lat' dir='ltr'><strong>erat:</strong></span> <span class='ocrx_word' id='word_1_250' title='bbox 616 3206 684 3275; x_wconf 91' lang='lat' dir='ltr'><strong>Dei</strong></span> <span class='ocrx_word' id='word_1_251' title='bbox 707 3227 841 3274; x_wconf 88' lang='lat' dir='ltr'><strong>sumus</strong></span> <span class='ocrx_word' id='word_1_252' title='bbox 868 3203 1066 3299; x_wconf 88' lang='lat' dir='ltr'><strong>adjutores.</strong></span> <span class='ocrx_word' id='word_1_253' title='bbox 1481 3255 1503 3289; x_wconf 67' lang='grc' dir='ltr'><strong>ι.</strong></span> <span class='ocrx_word' id='word_1_254' title='bbox 1529 3231 1591 3284; x_wconf 73' lang='lat' dir='ltr'><strong>eor.</strong></span> <span class='ocrx_word' id='word_1_255' title='bbox 1614 3249 1639 3282; x_wconf 62' lang='grc' dir='ltr'><strong>η.</strong></span> 
     </span>
    </p>

    <p class='ocr_par' dir='ltr' id='par_1_16' title="bbox 159 3295 1641 3396">
     <span class='ocr_line' id='line_1_31' title="bbox 159 3295 1641 3396; baseline 0.002 -32"><span class='ocrx_word' id='word_1_256' title='bbox 159 3295 281 3365; x_wconf 87' lang='lat' dir='ltr'><strong>Etiam</strong></span> <span class='ocrx_word' id='word_1_257' title='bbox 304 3295 428 3396; x_wconf 78' lang='lat' dir='ltr'><strong>pugil,</strong></span> <span class='ocrx_word' id='word_1_258' title='bbox 452 3298 514 3368; x_wconf 77' lang='lat' dir='ltr'><strong>vel</strong></span> <span class='ocrx_word' id='word_1_259' title='bbox 536 3309 712 3370; x_wconf 85' lang='lat' dir='ltr'><strong>certator:</strong></span> <span class='ocrx_word' id='word_1_260' title='bbox 732 3299 883 3368; x_wconf 88' lang='lat' dir='ltr'><strong>Bonum</strong></span> <span class='ocrx_word' id='word_1_261' title='bbox 909 3303 1068 3392; x_wconf 88' lang='lat' dir='ltr'><strong>certavi,</strong></span> <span class='ocrx_word' id='word_1_262' title='bbox 1089 3311 1157 3369; x_wconf 91' lang='lat' dir='ltr'><strong>etc.</strong></span> <span class='ocrx_word' id='word_1_263' title='bbox 1478 3349 1504 3383; x_wconf 64' lang='lat'><strong>2,</strong></span> <span class='ocrx_word' id='word_1_264' title='bbox 1527 3331 1596 3382; x_wconf 80' lang='lat' dir='ltr'><strong>rim.</strong></span> <span class='ocrx_word' id='word_1_265' title='bbox 1614 3332 1641 3396; x_wconf 67' lang='lat'><strong>4,</strong></span> 
     </span>
    </p>

    <p class='ocr_par' dir='ltr' id='par_1_17' title="bbox 109 3389 1519 3672">
     <span class='ocr_line' id='line_1_32' title="bbox 159 3389 1519 3484; baseline 0.001 -25"><span class='ocrx_word' id='word_1_266' title='bbox 159 3389 209 3459; x_wconf 85' lang='lat' dir='ltr'><strong>Et</strong></span> <span class='ocrx_word' id='word_1_267' title='bbox 237 3389 343 3460; x_wconf 91' lang='lat' dir='ltr'><strong>alibi:</strong></span> <span class='ocrx_word' id='word_1_268' title='bbox 379 3389 436 3456; x_wconf 89' lang='lat' dir='ltr'><strong>Sic</strong></span> <span class='ocrx_word' id='word_1_269' title='bbox 463 3413 605 3480; x_wconf 80' lang='lat' dir='ltr'><strong>pugno,</strong></span> <span class='ocrx_word' id='word_1_270' title='bbox 626 3415 703 3460; x_wconf 90' lang='lat' dir='ltr'><strong>non</strong></span> <span class='ocrx_word' id='word_1_271' title='bbox 728 3391 838 3483; x_wconf 87' lang='lat' dir='ltr'><strong>quasi</strong></span> <span class='ocrx_word' id='word_1_272' title='bbox 871 3397 992 3461; x_wconf 73' lang='lat' dir='ltr'><strong>aerem</strong></span> <span class='ocrx_word' id='word_1_273' title='bbox 1024 3393 1237 3466; x_wconf 87' lang='lat' dir='ltr'><strong>verberans.</strong></span> <span class='ocrx_word' id='word_1_274' title='bbox 1265 3393 1313 3461; x_wconf 86' lang='lat' dir='ltr'><strong>Et</strong></span> <span class='ocrx_word' id='word_1_275' title='bbox 1342 3391 1463 3484; x_wconf 87' lang='lat' dir='ltr'><strong>prima</strong></span> <span class='ocrx_word' id='word_1_276' title='bbox 1515 3459 1519 3469; x_wconf 89' lang='grc'>,</span> 
     </span>
     <span class='ocr_line' id='line_1_33' title="bbox 109 3479 1461 3573; baseline 0 -19"><span class='ocrx_word' id='word_1_277' title='bbox 109 3483 395 3556; x_wconf 88' lang='lat' dir='ltr'><strong>Corinthiorum</strong></span> <span class='ocrx_word' id='word_1_278' title='bbox 418 3479 561 3550; x_wconf 88' lang='lat' dir='ltr'><strong>decimo</strong></span> <span class='ocrx_word' id='word_1_279' title='bbox 577 3485 723 3573; x_wconf 89' lang='lat' dir='ltr'><strong>quinto:</strong></span> <span class='ocrx_word' id='word_1_280' title='bbox 743 3486 782 3553; x_wconf 86' lang='lat' dir='ltr'><strong>Si</strong></span> <span class='ocrx_word' id='word_1_281' title='bbox 801 3483 1006 3554; x_wconf 89' lang='lat' dir='ltr'><strong>secundum</strong></span> <span class='ocrx_word' id='word_1_282' title='bbox 1024 3486 1216 3554; x_wconf 90' lang='lat' dir='ltr'><strong>hominem</strong></span> <span class='ocrx_word' id='word_1_283' title='bbox 1232 3507 1318 3555; x_wconf 89' lang='lat' dir='ltr'><strong>cum</strong></span> <span class='ocrx_word' id='word_1_284' title='bbox 1334 3484 1461 3554; x_wconf 86' lang='lat' dir='ltr'><strong>bestiis</strong></span> 
     </span>
     <span class='ocr_line' id='line_1_34' title="bbox 109 3576 335 3672; baseline -0.027 -24"><span class='ocrx_word' id='word_1_285' title='bbox 109 3576 335 3672; x_wconf 78' lang='lat' dir='ltr'><strong>depugnavi.</strong></span> 
     </span>
    </p>

    <p class='ocr_par' dir='ltr' id='par_1_18' title="bbox 112 3668 1463 3840">
     <span class='ocr_line' id='line_1_35' title="bbox 163 3668 1463 3763; baseline -0.001 -22"><span class='ocrx_word' id='word_1_286' title='bbox 163 3673 256 3742; x_wconf 84' lang='lat' dir='ltr'><strong>Item</strong></span> <span class='ocrx_word' id='word_1_287' title='bbox 280 3693 428 3740; x_wconf 88' lang='lat' dir='ltr'><strong>cursor:</strong></span> <span class='ocrx_word' id='word_1_288' title='bbox 448 3668 486 3738; x_wconf 91' lang='lat' dir='ltr'><strong>Si</strong></span> <span class='ocrx_word' id='word_1_289' title='bbox 512 3691 622 3738; x_wconf 85' lang='lat' dir='ltr'><strong>curro</strong></span> <span class='ocrx_word' id='word_1_290' title='bbox 648 3691 726 3738; x_wconf 90' lang='lat' dir='ltr'><strong>non</strong></span> <span class='ocrx_word' id='word_1_291' title='bbox 753 3670 860 3763; x_wconf 91' lang='lat' dir='ltr'><strong>quasi</strong></span> <span class='ocrx_word' id='word_1_292' title='bbox 890 3670 931 3740; x_wconf 91' lang='lat' dir='ltr'><strong>in</strong></span> <span class='ocrx_word' id='word_1_293' title='bbox 955 3670 1150 3741; x_wconf 88' lang='lat' dir='ltr'><strong>incertum.</strong></span> <span class='ocrx_word' id='word_1_294' title='bbox 1179 3668 1305 3739; x_wconf 87' lang='lat' dir='ltr'><strong>Prima</strong></span> <span class='ocrx_word' id='word_1_295' title='bbox 1332 3670 1463 3745; x_wconf 81' lang='lat' dir='ltr'><strong>Corin-</strong></span> 
     </span>
     <span class='ocr_line' id='line_1_36' title="bbox 112 3765 910 3840; baseline -0.009 0"><span class='ocrx_word' id='word_1_296' title='bbox 112 3766 284 3840; x_wconf 90' lang='lat' dir='ltr'><strong>thiorum</strong></span> <span class='ocrx_word' id='word_1_297' title='bbox 317 3787 438 3836; x_wconf 90' lang='lat' dir='ltr'><strong>nono:</strong></span> <span class='ocrx_word' id='word_1_298' title='bbox 463 3785 613 3832; x_wconf 87' lang='lat' dir='ltr'><strong>cursum</strong></span> <span class='ocrx_word' id='word_1_299' title='bbox 643 3765 910 3837; x_wconf 86' lang='lat' dir='ltr'><strong>consummavi.</strong></span> 
     </span>
    </p>

    <p class='ocr_par' dir='ltr' id='par_1_19' title="bbox 163 3857 1769 3954">
     <span class='ocr_line' id='line_1_37' title="bbox 163 3857 1769 3954; baseline -0.003 -23"><span class='ocrx_word' id='word_1_300' title='bbox 163 3864 258 3932; x_wconf 89' lang='lat' dir='ltr'><strong>Item</strong></span> <span class='ocrx_word' id='word_1_301' title='bbox 277 3857 442 3954; x_wconf 85' lang='lat' dir='ltr'><strong>specialis</strong></span> <span class='ocrx_word' id='word_1_302' title='bbox 461 3857 640 3928; x_wconf 86' lang='lat' dir='ltr'><strong>imitator:</strong></span> <span class='ocrx_word' id='word_1_303' title='bbox 661 3857 868 3930; x_wconf 89' lang='lat' dir='ltr'><strong>Imitatores</strong></span> <span class='ocrx_word' id='word_1_304' title='bbox 887 3869 1002 3930; x_wconf 87' lang='lat' dir='ltr'><strong>estote</strong></span> <span class='ocrx_word' id='word_1_305' title='bbox 1025 3860 1096 3930; x_wconf 89' lang='lat' dir='ltr'><strong>mei</strong></span> <span class='ocrx_word' id='word_1_306' title='bbox 1116 3860 1212 3929; x_wconf 87' lang='lat' dir='ltr'><strong>sicut</strong></span> <span class='ocrx_word' id='word_1_307' title='bbox 1228 3882 1294 3952; x_wconf 84' lang='lat' dir='ltr'><strong>ego</strong></span> <span class='ocrx_word' id='word_1_308' title='bbox 1311 3857 1460 3931; x_wconf 90' lang='lat' dir='ltr'><strong>Christi.</strong></span> <span class='ocrx_word' id='word_1_309' title='bbox 1483 3894 1507 3928; x_wconf 72' lang='grc' dir='ltr'><strong>α.</strong></span> <span class='ocrx_word' id='word_1_310' title='bbox 1526 3880 1586 3930; x_wconf 72' lang='lat' dir='ltr'><strong>rim</strong></span> <span class='ocrx_word' id='word_1_311' title='bbox 1606 3876 1632 3944; x_wconf 69' lang='grc'><strong>4.</strong></span> <span class='ocrx_word' id='word_1_312' title='bbox 1766 3939 1769 3946; x_wconf 15' lang='grc' dir='ltr'><strong><em>Δ</em></strong></span> 
     </span>
    </p>

    <p class='ocr_par' dir='ltr' id='par_1_20' title="bbox 115 3950 1649 4144">
     <span class='ocr_line' id='line_1_38' title="bbox 163 3950 1649 4043; baseline 0 -17"><span class='ocrx_word' id='word_1_313' title='bbox 163 3953 364 4026; x_wconf 86' lang='lat' dir='ltr'><strong>Pulchram</strong></span> <span class='ocrx_word' id='word_1_314' title='bbox 398 3952 484 4024; x_wconf 87' lang='lat' dir='ltr'><strong>fecit</strong></span> <span class='ocrx_word' id='word_1_315' title='bbox 522 3950 820 4024; x_wconf 83' lang='lat' dir='ltr'><strong>exhortationem</strong></span> <span class='ocrx_word' id='word_1_316' title='bbox 853 3955 982 4024; x_wconf 88' lang='lat' dir='ltr'><strong>beatus</strong></span> <span class='ocrx_word' id='word_1_317' title='bbox 1009 3954 1185 4042; x_wconf 88' lang='lat' dir='ltr'><strong>Joannes,</strong></span> <span class='ocrx_word' id='word_1_318' title='bbox 1210 3952 1355 4024; x_wconf 85' lang='lat' dir='ltr'><strong>dicens:</strong></span> <span class='ocrx_word' id='word_1_319' title='bbox 1385 3952 1460 4027; x_wconf 86' lang='lat' dir='ltr'><strong>Nos</strong></span> <span class='ocrx_word' id='word_1_320' title='bbox 1485 3993 1507 4024; x_wconf 88' lang='grc' dir='ltr'><strong>ι.</strong></span> <span class='ocrx_word' id='word_1_321' title='bbox 1529 3975 1605 4025; x_wconf 71' lang='lat' dir='ltr'><strong>toan.</strong></span> <span class='ocrx_word' id='word_1_322' title='bbox 1624 3977 1649 4043; x_wconf 69' lang='lat' dir='ltr'><strong>t.</strong></span> 
     </span>
     <span class='ocr_line' id='line_1_39' title="bbox 115 4045 1291 4144; baseline -0.007 -19"><span class='ocrx_word' id='word_1_323' title='bbox 115 4076 204 4144; x_wconf 83' lang='lat' dir='ltr'><strong>ergo</strong></span> <span class='ocrx_word' id='word_1_324' title='bbox 233 4049 427 4144; x_wconf 85' lang='lat' dir='ltr'><strong>diligamus</strong></span> <span class='ocrx_word' id='word_1_325' title='bbox 456 4049 599 4140; x_wconf 90' lang='lat' dir='ltr'><strong>Deum,</strong></span> <span class='ocrx_word' id='word_1_326' title='bbox 620 4049 797 4142; x_wconf 90' lang='lat' dir='ltr'><strong>quoniam</strong></span> <span class='ocrx_word' id='word_1_327' title='bbox 819 4049 897 4144; x_wconf 89' lang='lat' dir='ltr'><strong>ipse</strong></span> <span class='ocrx_word' id='word_1_328' title='bbox 924 4047 1025 4142; x_wconf 86' lang='lat' dir='ltr'><strong>prior</strong></span> <span class='ocrx_word' id='word_1_329' title='bbox 1053 4045 1186 4117; x_wconf 84' lang='lat' dir='ltr'><strong>dilexit</strong></span> <span class='ocrx_word' id='word_1_330' title='bbox 1210 4073 1291 4119; x_wconf 88' lang='lat' dir='ltr'><strong>nos.</strong></span> 
     </span>
    </p>

    <p class='ocr_par' dir='ltr' id='par_1_21' title="bbox 154 4141 1594 4241">
     <span class='ocr_line' id='line_1_40' title="bbox 154 4141 1594 4241; baseline -0.006 -22"><span class='ocrx_word' id='word_1_331' title='bbox 154 4143 378 4241; x_wconf 80' lang='lat' dir='ltr'><strong>Magdalenae</strong></span> <span class='ocrx_word' id='word_1_332' title='bbox 388 4143 631 4217; x_wconf 88' lang='lat' dir='ltr'><strong>remittuntur</strong></span> <span class='ocrx_word' id='word_1_333' title='bbox 641 4153 789 4238; x_wconf 87' lang='lat' dir='ltr'><strong>peccata</strong></span> <span class='ocrx_word' id='word_1_334' title='bbox 799 4143 915 4215; x_wconf 88' lang='lat' dir='ltr'><strong>multa</strong></span> <span class='ocrx_word' id='word_1_335' title='bbox 923 4142 1125 4238; x_wconf 75' lang='lat' dir='ltr'><strong>„quoniam</strong></span> <span class='ocrx_word' id='word_1_336' title='bbox 1141 4141 1272 4214; x_wconf 82' lang='lat' dir='ltr'><strong>dilexit</strong></span> <span class='ocrx_word' id='word_1_337' title='bbox 1284 4141 1456 4218; x_wconf 86' lang='lat' dir='ltr'><strong>multhm.</strong></span> <span class='ocrx_word' id='word_1_338' title='bbox 1482 4157 1546 4211; x_wconf 80' lang='lat' dir='ltr'><strong>Luc.</strong></span> <span class='ocrx_word' id='word_1_339' title='bbox 1569 4178 1594 4228; x_wconf 72' lang='grc' dir='ltr'><strong>ς.</strong></span> 
     </span>
    </p>
   </div>
   <div class='ocr_carea' id='block_1_5' title="bbox 0 0 2198 5472">
    <p class='ocr_par' dir='ltr' id='par_1_22' title="bbox 0 0 2198 5472">
     <span class='ocr_line' id='line_1_41' title="bbox 0 0 2198 5472; baseline 0 0"><span class='ocrx_word' id='word_1_340' title='bbox 0 0 2198 5472; x_wconf 95' lang='lat' dir='ltr'><strong> </strong></span> 
     </span>
    </p>
   </div>
  </div>
 </body>
</html>
