4498 5462
40 635 42 646 ’
107 611 261 709 profuit,
281 621 318 682 ct
345 633 423 680 non
449 607 537 682 fecit
563 611 605 684 in
635 612 738 711 Tyro
766 624 802 684 et
826 611 983 706 Sidone,
1005 615 1089 707 ubi,
1111 613 1143 686 si
1168 612 1333 704 fecisset,
1352 607 1451 681 mul-

104 711 184 778 ttun
204 705 416 801 profuisset.
494 766 498 777 .

151 803 324 874 Permisit
340 803 440 872 Deus
456 801 638 875 Joannem
653 805 855 899 Baptistam
866 859 876 896 ,
888 805 1079 902 exemplar
1094 808 1210 900 totius
1227 803 1452 893 sanctitatis,
1471 811 1555 866 Marc·
1576 815 1603 866 6-

100 899 150 970 ab
173 898 316 970 Herode
343 896 526 977 vilissimo
543 897 711 969 adultero
733 899 916 972 decollari.
944 905 1137 998 Stuporem
1168 913 1293 974 autem
1322 909 1452 992 auget,

98 996 193 1088 quia
212 992 285 1066 hoc
299 993 453 1086 ¹sactum
482 989 556 1063 fuit
579 992 622 1062 ad
645 994 863 1067 instantiam
888 999 1110 1091 meretricis,
1129 1022 1198 1070 nec
1221 997 1346 1092 aliqua
1371 994 1454 1068 vin-

97 1089 201 1160 dicta
228 1089 364 1183 legitur
392 1087 432 1156 in
459 1087 664 1180 Evangelio
692 1089 906 1180 subsecuta,
928 1118 1007 1163 non
1036 1095 1077 1165 in
1104 1092 1283 1188 puellam,
1304 1117 1382 1162 non
1413 1092 1455 1162 in

99 1185 331 1272 adulteram,
347 1205 415 1254 nec
438 1182 480 1250 in
505 1181 588 1274 ipso
609 1181 754 1253 Herode
777 1185 990 1256 Tetrarcha.

155 1281 202 1347 In
232 1275 427 1348 Dominicis
459 1276 629 1370 passione
656 1301 724 1372 per
749 1276 1068 1350 sceleratissimam
1093 1281 1292 1354 homiuum
1314 1282 1456 1376 iniqui·
1473 1297 1565 1348 Actor.
1590 1295 1632 1345 η.

98 1386 219 1444 tatem
247 1370 416 1466 implevit
445 1367 546 1445 Deus
569 1373 666 1442 circa
687 1372 977 1467 redemptionem
1002 1373 1160 1445 humani
1183 1375 1326 1468 generis
1349 1401 1455 1448 suam

100 1469 407 1560 benignissimam
429 1465 681 1559 voluntatem,
699 1466 798 1540 unde
821 1466 921 1539 dixit
944 1470 1096 1541 Petrus:
1111 1470 1212 1540 Deus
1236 1469 1454 1565 autem,qui

99 1562 371 1659 praenuntiavit
412 1585 478 1656 per
515 1588 556 1632 os
599 1567 769 1636 omnium
805 1561 1103 1658 prophetarum,
1145 1563 1223 1659 pati
1260 1563 1454 1637 Christum

100 1685 236 1750 statam,
258 1660 311 1730 sic
334 1657 503 1753 implevit
526 1669 594 1729 etc.
1182 1662 1188 1672 “

148 1756 282 1826 Petrus
309 1755 481 1848 princeps
507 1753 769 1848 Apostolorum
794 1766 831 1827 et
859 1766 970 1850 caput
986 1755 1177 1846 Ecclesiae,
1194 1756 1274 1851 ipso
1299 1755 1455 1852 permit·
1472 1767 1550 1817 toan.
1574 1763 1614 1816 ¹⁸·

97 1861 226 1938 tonte,
247 1861 306 1918 ter
331 1847 522 1920 Christum
551 1852 711 1943 negavit.
902 1863 912 1881 ³

151 1943 331 2032 ThomaS,
354 1945 421 2036 qui
438 1955 516 2012 tarn
536 1945 766 2016 confidenter
785 1945 953 2018 dixerat:
968 1971 1095 2018 eamus
1119 1957 1155 2018 et
1177 1971 1246 2018 nos
1264 1958 1300 2018 et
1321 1948 1455 2030 moria-
1473 1975 1550 2026 soal.
1577 1988 1610 2022 u.
1675 1991 1677 1998 a

99 2064 190 2112 mur
209 2063 296 2111 cum
318 2053 379 2128 eo,
402 2037 447 2107 de
472 2040 743 2111 resurrectione
776 2039 964 2112 dominica
995 2041 1194 2114 dubitavit.
1221 2044 1283 2112 Ex
1316 2043 1454 2136 quihus

101 2147 274 2206 secutum
296 2143 368 2220 est,
388 2131 487 2224 quod
506 2133 637 2204 Petrus
658 2133 732 2206 suit
753 2133 881 2206 mitior
897 2159 981 2228 erga
999 2146 1226 2228 peccatores,
1243 2147 1279 2206 et
1299 2135 1456 2207 fuerunt

99 2230 142 2300 in
166 2227 240 2298 fide
262 2225 369 2298 solidi
390 2224 537 2314 fideles,
564 2227 627 2298 vel
652 2228 790 2298 infide
815 2227 1056 2320 trepidantes.
1084 2229 1250 2300 Habetur
1276 2231 1457 2302 etiamen

98 2321 193 2414 boc,
220 2321 321 2431 quod
351 2319 481 2390 nullus
507 2319 615 2394 debet
639 2321 685 2392 de
707 2347 777 2408 sua
802 2322 980 2394 firmitate
1005 2345 1251 2415 praesumere,
1275 2334 1311 2393 et
1333 2323 1457 2416 quod,

100 2421 183 2492 sive
212 2443 297 2512 quis
327 2412 500 2486 ceciderit
527 2437 548 2482 a
574 2417 664 2504 fide,
701 2419 780 2488 sive
812 2416 1061 2508 dubitaverit,
1082 2440 1161 2488 non
1188 2416 1297 2488 debet
1320 2417 1365 2488 de
1389 2417 1458 2490 Dei
1514 2458 1519 2466 ι

92 2512 371 2604 misericordia,
395 2521 432 2582 et
462 2508 725 2606 consequenda
749 2508 862 2582 venia
883 2509 1087 2599 desperare.

150 2612 211 2681 Ex
230 2605 432 2703 hoc,quod
455 2605 570 2678 Judas
593 2605 792 2702 Apostolus
815 2615 853 2674 et
870 2599 1106 2694 dispensator
1121 2599 1275 2689 Domini
1291 2602 1333 2674 in
1352 2627 1457 2676 enon
1477 2629 1574 2685 Marta,
1599 2631 1641 2684 ,a

94 2732 160 2782 me
179 2715 369 2800 peccatum
387 2701 535 2793 cecidit,
551 2728 620 2774 nec
638 2701 864 2793 resurrexit,
882 2694 1101 2770 retunditur
1116 2695 1237 2768 cuniis
1255 2722 1457 2795 praesump·
1510 2707 1593 2768 0¹³7·

94 2815 208 2875 tuosa
235 2800 435 2890 securitas,
463 2797 538 2894 quai
561 2798 688 2870 nullus
717 2823 785 2892 pro
811 2801 936 2883 statu,
960 2817 1071 2887 quem
1102 2790 1279 2887 habebat,
1298 2793 1360 2869 vel
1388 2821 1456 2890 pro

95 2905 201 2988 actu,
224 2921 336 2994 quem
361 2895 491 2986 saciat,
514 2891 623 2967 debet
654 2895 772 2966 altum
797 2917 947 2990 sapere,
972 2887 1035 2961 sed
1058 2888 1199 2961 timere.
1592 2942 1600 2958 .

150 2995 337 3080 Quoniam
358 2991 525 3085 Apostoli
542 2991 657 3063 duces
674 2989 796 3062 {idelis
819 2987 949 3085 populi
972 2985 1149 3077 fuerunt,
1170 2998 1297 3058 tamen
1315 2989 1357 3059 in
1376 3011 1458 3060 car-
1474 2995 1566 3048 Actor.
1582 2993 1608 3060 t·

99 3112 186 3161 cere
209 3109 295 3153 cum
317 3083 508 3172 diligentia
530 3086 726 3172 custoditi,
748 3097 893 3176 poterat
915 3081 1044 3154 videre
1069 3081 1257 3175 aliquibus
1279 3081 1457 3176 infirmis,

100 3177 207 3278 quod
227 3177 343 3262 Deus,
364 3185 529 3268 tempore
551 3177 710 3270 novellae
728 3177 833 3266 fidei,
854 3200 932 3246 non
951 3175 1108 3246 debebat
1123 3176 1211 3246 talia
1230 3179 1457 3270 permisisse,

101 3273 171 3350 sed
193 3297 254 3344 ex·
270 3269 344 3341 hoc
367 3267 446 3362 ipso
468 3267 595 3340 fideles
622 3269 778 3341 fuerunt
804 3267 1026 3360 mirabiliter
1052 3269 1249 3361 consolati,
1266 3282 1303 3341 et
1324 3271 1459 3344 adver-

107 3370 201 3444 sarii
231 3364 320 3440 fidei
350 3361 545 3434 confutati.
1031 3433 1045 3452 ,-

156 3464 282 3534 Simile
314 3456 447 3532 accidit
476 3454 522 3527 de
552 3455 630 3526 solo
660 3459 790 3545 Petro,
818 3457 970 3551 quando
996 3459 1042 3527 ab
1073 3458 1217 3529 Herode
1240 3471 1398 3554 captus,
1424 3470 1460 3546 et
1476 3483 1568 3534 Actor.
1584 3497 1624 3533 n.

104 3563 377 3645 incarceratus,
400 3563 436 3624 et
464 3577 530 3649 per
556 3551 740 3645 Angelum
761 3551 981 3622 miraculose
1009 3551 1165 3620 eductus
1195 3552 1280 3623 fuit.
1453 3629 1457 3636 .

158 3659 291 3746 Magna
306 3649 379 3720 suit
398 3648 578 3743 iniquitas
601 3645 829 3741 Stephanum
854 3645 1030 3740 lapidare,
1051 3655 1227 3716 ettamen
1243 3645 1461 3718 indemulta
1477 3667 1570 3718 Actor.
1590 3685 1614 3736 7·

105 3753 226 3838 bona,
246 3769 406 3844 superna
427 3742 648 3839 providente
666 3742 878 3830 clementia,
894 3751 1158 3840 provenerunt.
1176 3737 1271 3810 Nam
1292 3741 1370 3835 ipse
1387 3739 1460 3814 fuit

104 3847 151 3919 in
175 3841 268 3913 coelo
284 3840 439 3936 gloriose
455 3849 672 3928 coronatus,
687 3837 727 3909 in
745 3849 843 3908 terra
860 3835 1113 3908 abundantius
1136 3833 1359 3928 honoratus;
1375 3863 1459 3910 ora-

108 3941 167 4010 tio
183 3949 305 4010 autem
326 3941 423 4032 ejus,
435 3959 549 4031 quam
573 3934 627 4006 ibi
644 3933 747 4024 fecit,
762 3933 871 4004 nobis
894 3933 1050 4003 Paulum
1069 3933 1269 4025 acquisivit
1284 3943 1321 4004 et
1337 3935 1460 4006 omnis

107 4035 184 4105 bers
202 4032 357 4128 posteris
372 4031 523 4126 reliquit
543 4031 647 4102 mirae
662 4027 850 4124 patientiae
866 4042 903 4100 et
919 4028 1110 4099 charitatis
1126 4029 1351 4122 exemplum.

161 4126 340 4224 Lapidato
352 4127 554 4222 Stephano,
566 4125 664 4197 facta
682 4140 738 4197 est
759 4150 892 4219 magna
904 4125 1110 4219 persecutio
1127 4125 1167 4196 in
1180 4123 1358 4214 Ecclesia,
1375 4150 1460 4222 quae
1478 4146 1568 4200 seror.
1584 4149 1610 4200 a.

110 4237 193 4296 erat
213 4223 497 4320 Hierosolymis,
513 4233 549 4294 et
572 4247 701 4294 onmes
720 4221 876 4318 dispersi
893 4233 982 4292 suut
999 4246 1064 4314 per
1082 4221 1249 4314 regiones
1270 4219 1408 4292 Judaeae
1424 4233 1461 4292 et

110 4319 305 4414 Samariae,
316 4331 450 4418 praeter
461 4317 670 4419 Apostolos,
681 4319 733 4394 ita
745 4317 846 4416 quod
857 4316 1056 4396 videbatur
1062 4315 1113 4480 gd
1125 4315 1269 4390 cultum
1282 4315 1462 4394 Christia-
