4464 5464
767 402 852 511 sn
914 477 921 493 .
1030 405 1295 500 mausus
1331 384 1527 506 cxxxi
1564 413 1838 514 perversas.
1982 458 1987 473 ·

457 677 460 684 ,
571 638 653 692 nam.
670 638 713 708 at.
815 625 944 700 Noluit
965 626 1115 702 Baalam
1136 631 1353 707 maledicere
1379 637 1536 732 populo,
1557 665 1669 734 quem
1692 643 1866 718 credebat
1894 607 2130 742 benedictina

497 701 504 712 ’
765 747 855 796 nem
870 721 1013 796 babere
1034 749 1057 794 a
1083 725 1178 818 Deo,
1197 728 1261 802 sed
1284 743 1374 804 sunt
1404 732 1530 824 multi,
1554 737 1621 830 qui
1642 735 1751 832 plura
1775 739 1910 818 dicunt
1930 751 1974 824 de
1994 755 2126 858 bonis,

767 843 883 912 qnam
900 817 946 890 de
962 817 1079 891 malis.
1099 822 1149 893 Et
1166 824 1306 898 mirum
1328 825 1422 918 fuit,
1443 828 1544 937 quod
1571 833 1638 926 qui
1659 832 1783 944 noluit
1805 864 1868 912 eos
1891 847 2128 950 maledicere,

764 912 890 987 voluit
911 913 963 986 eis
990 913 1216 990 malefacere.
1244 917 1348 1012 Nam
1367 923 1454 994 licet
1482 926 1703 1000 ostendisset
1725 956 1760 1002 er
1785 933 1991 1038 Dominus,
2019 955 2122 1044 quod

763 1009 926 1103 populus
941 1009 1054 1082 Israel
1069 1023 1149 1083 erat
1165 1013 1396 1108 benedictus,
1415 1029 1541 1092 tamen
1563 1021 1727 1098 finaliter
1744 1025 1849 1102 dedit
1871 1038 2009 1115 malum
2031 1071 2119 1125 con·

766 1102 911 1193 silium,
936 1130 1002 1199 per
1019 1106 1119 1200 quod
1138 1133 1160 1178 a
1181 1109 1403 1184 mulieribus
1424 1125 1480 1185 est
1502 1115 1688 1190 seductus.
1929 1175 1937 1189 .

569 1201 656 1256 Judic·
675 1218 700 1253 2·
812 1197 899 1270 Filii
912 1198 1026 1271 lsrael
1042 1201 1236 1277 audientes
1255 1206 1430 1280 mandata
1446 1209 1612 1305 Domini,
1633 1216 1760 1288 omnia
1776 1217 1900 1301 fecere
1922 1241 2115 1314 contraria

568 1294 655 1354 tudio·
671 1317 713 1354 ια·
813 1291 897 1365 Viri
906 1293 1087 1391 Ephraim
1103 1301 1222 1393 rogati
1239 1326 1263 1372 a
1276 1301 1456 1398 Jepbthe,
1470 1317 1515 1378 ut
1532 1331 1658 1382 secum
1673 1313 1850 1394 venirent
1866 1324 1915 1396 ad
1933 1332 2114 1430 praelium,

762 1385 979 1463 noluerunt.
996 1392 1082 1482 Quo
1098 1406 1183 1490 post
1203 1397 1400 1472 victoriam
1416 1400 1613 1504 redeunte,
1631 1411 1741 1502 quasi
1754 1436 1818 1486 eos
1836 1441 1915 1494 non
1930 1428 2113 1527 vocasset,

764 1495 895 1556 contra
912 1510 1000 1558 eum
1026 1489 1165 1584 'ungari
1187 1505 1391 1589 coeperunt.
1431 1533 1435 1544 ·

568 1598 595 1638 ι.
608 1579 671 1655 neg.
688 1585 729 1639 ra.
811 1578 934 1654 David
955 1606 998 1677 ps
1050 1583 1135 1657 ebat
1158 1611 1281 1660 coram
1297 1591 1406 1665 Saule
1420 1617 1444 1663 a
1467 1589 1637 1668 daemone
1652 1613 1811 1698 vexato,
1830 1611 1947 1706 stipsi
1967 1619 2116 1698 utiliter

602 1660 629 1704 εἰ
651 1671 689 1722 “9·
765 1674 959 1748 serviebat.
985 1679 1035 1750 Et
1059 1689 1186 1754 tamen
1206 1683 1286 1778 ipse
1306 1685 1395 1760 Saul
1414 1688 1538 1764 voluit
1559 1691 1743 1790 contigere
1763 1725 1844 1776 eam
1863 1707 1994 1801 parieti
2015 1737 2113 1796 cum

762 1767 908 1862 lancea,
926 1795 1041 1867 quam
1062 1777 1222 1848 tenebat.

568 1875 594 1914 ¹·
609 1861 673 1930 neg·
692 1871 735 1914 ²⁰·
811 1863 900 1936 Saul
923 1864 1046 1940 voluit
1076 1869 1243 1946 occidere
1274 1873 1398 1954 filium
1422 1904 1536 1954 suum
1562 1880 1767 1984 Jonathan,
1792 1895 1883 1990 quia
1911 1909 2108 1983 excusabat

689 2017 690 2020 ,
762 1955 886 2034 David
908 1960 1157 2036 innocentem.
1731 2007 1739 2028 =

568 2068 592 2105 ¹·
607 2053 671 2120 aeg.
685 2065 727 2106 ²2·
810 2052 966 2128 Dicebat
988 2057 1094 2150 Saul,
1116 2085 1244 2136 servos
1264 2089 1351 2141 suos
1369 2070 1585 2168 conjurdsse
1607 2077 1787 2157 adversus
1809 2111 1914 2182 eum,
1937 2105 1976 2166 et
1996 2095 2108 2172 David

641 2207 647 2218 ,
739 2143 933 2238 1ἰηείἀὶειτί
961 2154 1013 2243 ei,
1034 2179 1148 2249 quem
1170 2159 1282 2234 etiam
1303 2161 1351 2236 ad
1372 2179 1532 2241 mortem
1553 2175 1756 2274 quaerebat,
1781 2193 1821 2254 et
1840 2185 2034 2288 invenire,
2052 2193 2108 2272 vel

763 2265 893 2338 capere
916 2269 994 2318 non
1015 2260 1160 2344 poterat
1185 2263 1252 2326 etc.
1345 2257 1351 2266 “

534 2379 538 2390 ·
565 2353 592 2390 2·
606 2337 670 2408 aar.
682 2353 727 2391 ¹⁰·
810 2337 893 2412 Rex
908 2340 1074 2418 ¹filiorum
1086 2346 1249 2424 Ammon
1258 2350 1874 2460 videns,quodinju1ian1fecisset
1888 2379 2027 2473 David,
2044 2405 2111 2460 vo·¹

762 2431 835 2509 luit
848 2435 1068 2535 impugnare
1088 2467 1193 2539 eum,
1207 2471 1295 2522 cum
1311 2450 1430 2546 magis
1443 2452 1632 2534 debuisset
1645 2462 1814 2544 laborare
1829 2471 1876 2544 ad
1888 2475 2111 2572 placandum

695 2575 702 2584 -
763 2555 862 2606 eum.

563 2632 592 2668 ²·
607 2619 672 2688 Rts·
685 2615 727 2670 ¹³·
810 2627 962 2704 Amnon
980 2621 1222 2805 filiusllDafiid
1247 2639 1411 2717 Thamar
1436 2671 1613 2727 sororem'
1627 2680 1732 2734 suam
1752 2663 1939 2742 violenter
1965 2693 2111 2767 oppres·

764 2743 842 2793 sam
882 2750 907 2806 ¹a
929 2749 968 2799 se
988 2753 1038 2801 ex
1116 2731 1122 2748 '
1165 2738 1247 2814 ecit.

563 2807 669 2879 *¹¹²3-
687 2806 726 2862 15·
808 2777 983 2896 absalom
1063 2826 1120 2898 'us
1153 2830 1277 2904 David
1307 2847 1438 2908 contra
1461 2853 1603 2936 patrem
1622 2847 1798 2922 malitiose
1826 2876 1865 2922 se
1898 2858 2043 2950 movit,
2066 2870 2112 2933 et·

760 2909 807 2977 ad
835 2917 1063 2988 concubinas
1081 2921 1183 2992 illius
1198 2925 1417 3012 videntibus
1441 2941 1584 3014 cunctis
1609 2941 1783 3038 intravit,
1810 2946 1934 3042 ipsum
1948 2962 2104 3045 patrem

759 3024 873 3072 suum
901 3005 980 3077 vita
1000 3019 1038 3082 et
1057 3035 1173 3108 regno
1199 3017 1353 3112 privare·
1378 3027 1513 3106 voluit.

561 3097 590 3149 ³-
606 3093 724 3164 aeg-,rt
807 3095 1036 3177 sublimatus
1067 3131 1091 3178 a
1118 3110 1281 3187 Domino
1309 3117 1506 3202 Jeroboam
1538 3155 1652 3230 snper
1670 3131 1798 3210 decem
1823 3139 1948 3216 tribus
1965 3142 2109 3239 lamet,-

757 3192 885 3266 statim
909 3201 1046 3276 avertit
1068 3207 1251 3303 populum
1273 3237 1297 3284 a
1322 3215 1429 3294 cultu
1449 3224 1541 3320 Dei,
1562 3243 1602 3303 et
1618 3231 1785 3307 monitus
1803 3257 1870 3332 per
1884 3235 2106 3335 prophetam

689 3360 692 3374 ,
755 3292 931 3388 precepit
954 3321 1041 3370 eum
1064 3303 1156 3376 cai.
1199 3325 1203 3336 ¹

561 3377 587 3430 ἃ
600 3378 665 3447 neg.
680 3377 721 3430 ²⁶·
802 3384 933 3461 Achab
951 3416 1021 3464 rex
1038 3395 1061 3466 J
1063 3329 1136 3470 udi
1154 3399 1269 3476 altare
1289 3405 1442 3486 Domini
1462 3421 1684 3518 transtulit,
1711 3436 1748 3498 et
1772 3424 1862 3500 fecit
1884 3425 1965 3502 fieri
1987 3431 2106 3506 altare

754 3475 802 3552 ad
836 3483 1119 3566 similitudinem
1145 3495 1275 3595 illius,
1306 3506 1407 3599 quod
1437 3511 1585 3590 viderat
1611 3519 1655 3594 iu
1692 3521 1896 3618 Damasco,
1928 3537 1966 3600 et
1992 3553 2104 3625 super

752 3572 848 3649 illud
870 3578 995 3656 offerri
1020 3582 1238 3672 holocausta
1259 3607 1434 3702 pracepit

553 3689 580 3726 a
593 3671 734 3728 P²r³¹2³³·
799 3671 1032 3773 Idololatria,
1053 3687 1179 3760 cortile
1206 3695 1212 3708 '

1217 3716 1260 3784 a,
1280 3693 1482 3776 homicidia
1500 3717 1538 3780 et
1557 3706 1705 3786 diversa
1723 3713 1883 3810 scelera,
1898 3741 1984 3816 quas
2001 3737 2106 3797 com-s

749 3767 854 3842 misit
869 3774 1057 3850 Manasses
1086 3805 1157 3857 rex
1207 3787 1304 3883 uda,
1332 3797 1422 3868 satis
1443 3817 1647 3881 narrantur
1668 3809 1702 3900 4.
1722 3809 1808 3905 Reg.
1828 3839 1888 3884 21.

554 3865 735 3960 arenata
800 3861 896 3940 Cum
928 3869 1145 3952 debellaisset
1166 3881 1333 3959 Amasias
1351 3889 1559 3992 Idumaeos,
1582 3913 1619 3974 et
1646 3903 1859 4000 filiosseir,
1887 3917 1924 3981 et
1952 3908 2108 3986 tulisset¹

746 3953 845 4032 Deos
872 3985 1019 4060 eoram,
1041 3969 1211 4052 adoravit
1237 4005 1322 4074 eos,
1345 3995 1382 4058 et
1409 3987 1484 4064 illis
1511 3995 1674 4072 adolevit
1699 4001 1908 4076 incensum.
1942 4005 2104 4101 Propter

745 4054 849 4146 quod
869 4058 1054 4136 Dominus
1081 4093 1169 4142 eum
1192 4077 1314 4171 arguit
1343 4106 1409 4176 per
1436 4089 1658 4186 prophetam
1685 4093 1873 4174 dicentem
1901 4098 2003 4174 sibi:
2025 4103 2105 4178 Cur

745 4143 907 4224 adorasti
932 4155 1049 4250 Deos,
1101 4165 1142 4234 ui
1163 4192 1241 4243 non
1259 4171 1515 4258 liberaverunt
1540 4189 1723 4286 populum
1741 4191 1787 4263 dc
1811 4219 1930 4269 manu
1946 4193 2055 4269 tut?

549 4243 675 4304 arna.
684 4245 728 4312 ²⁸«
791 4245 919 4336 Acbaz
935 4273 1008 4354 reg
1034 4187 1136 4337 ldis
1159 4263 1369 4356 inmolavit
1394 4276 1569 4360 victimas
1597 4281 1671 4362 diis
1698 4287 1876 4367 Damasci
1901 4307 2106 4390 percuss&
