4498 5462
432 375 699 473 ‘HTULUS
739 381 928 474 LXXIII.
961 387 1244 506 lng‘ratitudof
1429 398 1502 506 137

204 609 344 704 Ingrati
358 607 513 684 fuerunt
539 611 660 688 David
676 624 712 686 et
731 613 823 686 Joab
840 614 1010 690 fidelitati
1031 620 1134 694 Uriae
1152 674 1162 712 ,
1180 645 1342 714 quorum
1360 617 1505 717 primia
1525 659 1551 698 α.
1573 649 1636 719 reg.
1664 668 1703 704 ιι.

154 697 294 778 litteras
320 704 442 796 dedit,
458 718 495 777 et
516 706 609 782 alter
631 708 831 782 crudeliter
853 724 1035 786 executus
1063 729 1128 787 est.

200 799 404 895 Postquam
430 801 553 874 David
581 806 773 877 revocavit
796 805 958 878 Absalon
980 807 1100 882 filium
1129 835 1258 902 suum,
1277 823 1315 884 et
1340 813 1503 907 pepercit
1522 849 1547 884 α.
1576 835 1639 902 aeg.
1661 835 1700 888 rs.

155 893 188 964 ei
208 919 250 966 su
278 921 319 968 er
332 893 535 968 homicidio
550 951 559 985 ‚
575 898 676 989 quod
699 900 932 973 commiserat
947 904 989 975 in
1004 904 1157 980 fratrem
1178 933 1314 999 suuni,
1338 909 1503 980 surrexit

154 922 314 1063 Absalon
341 999 471 1061 contra
491 1001 634 1083 patrem
658 1016 779 1062 suum.

199 1081 285 1156 Non
305 1084 380 1156 suit
395 1081 518 1154 David
534 1084 627 1156 bene
644 1109 786 1172 memor
814 1091 1006 1184 amicitiae,
1052 1121 1139 1168 uem
1155 1105 1393 1168 contraxerat
1415 1118 1502 1164 curn
1521 1133 1546 1168 2.
1568 1121 1630 1188 aeg.
1655 1119 1699 1170 16.

152 1178 337 1269 Jonatha,
353 1175 504 1272 quaudo
523 1179 635 1252 nimis
653 1180 728 1249 cito
749 1179 869 1252 filium
889 1187 970 1277 ejus
993 1121 1258 1262 erlbaeredavit.

200 1270 424 1344 Sublimavit
440 1271 623 1348 Dominus
639 1273 833 1346 Jeroboam
855 1301 967 1370 super
980 1279 1106 1352 decem
1116 1282 1301 1354 tribubus.
1317 1283 1365 1354 Et
1377 1283 1503 1354 statim
1521 1300 1545 1351 3.
1574 1302 1636 1367 aeg.
1657 1315 1698 1351 η.

151 1365 213 1438 ille
230 1365 383 1440 libidine
394 1367 611 1442 dominandi
625 1367 744 1442 elatus
760 1425 770 1462 ‚
788 1371 967 1465 populum
986 1377 1165 1470 pervertit
1177 1401 1198 1446 a
1209 1375 1314 1448 cultu
1325 1377 1403 1448 Dei.

198 1461 356 1534 Elisoeus
369 1465 489 1536 multa
510 1465 607 1538 bona
623 1465 760 1537 fecerat
782 1466 860 1560 regi
881 1467 993 1540 Israel
1013 1483 1050 1542 et
1071 1472 1140 1543 toti
1156 1470 1308 1565 populo,
1324 1483 1360 1543 et
1375 1483 1502 1544 tamen
1519 1486 1545 1554 4.
1567 1489 1629 1556 aeg.
1653 1486 1680 1537 c.

147 1569 299 1652 propter
314 1559 522 1648 caristiam,
544 1569 726 1654 quaerat
746 1561 788 1632 in
807 1573 906 1634 terra
922 1615 933 1654 ,
949 1568 1123 1661 praecepit
1138 1578 1250 1660 caput
1270 1567 1351 1662 ejus
1373 1591 1502 1663 ampu-
1550 1585 1555 1592 “

145 1653 226 1724 tari.
258 1652 327 1724 Sed
346 1653 446 1726 Deus
467 1654 575 1726 aliter
599 1655 798 1729 ordinavit.

192 1745 278 1818 Non
301 1760 356 1818 est
371 1749 584 1820 recordatus
607 1751 693 1822 Joas
712 1777 782 1838 rex
805 1751 829 1822 J
831 1753 903 1824 uda
920 1754 1205 1846 misericordiae',
1224 1781 1338 1852 quarn
1362 1753 1499 1828 fecerat
1517 1787 1542 1820 ι.
1566 1771 1625 1822 aar.
1655 1769 1696 1832 2ιί·

145 1841 277 1933 Jojada
294 1843 466 1936 pontifex
487 1868 623 1916 secum.
650 1845 720 1915 Sed
735 1847 924 1918 interfecit
944 1847 1158 1921 Zachariam
1182 1851 1304 1922 filium
1322 1854 1353 1944 ej
1360 1877 1426 1941 us,
1443 1875 1500 1922 ar·

144 1947 320 2029 guentem
347 1937 477 2026 illum,
497 1963 540 2008 eo
562 1938 663 2032 quod
692 1941 897 2012 Dominum
919 1941 1139 2036 reliquisset.

193 2029 383 2121 Amasias,
404 2031 536 2104 divino
552 2032 671 2104 fretus
691 2033 857 2126 auxilie,
872 2037 1014 2110 vicerat
1037 2036 1220 2108 Idumaeos
1236 2049 1273 2109 et
1296 2037 1392 2109 lilios
1408 2037 1497 2108 Seir.
1516 2069 1541 2102 a
1553 2051 1637 2102 Pani.
1652 2051 1695 2104 as.

144 2125 194 2194 Et
209 2133 336 2193 tamen
358 2124 529 2196 auferens
551 2129 649 2198 Deos
664 2153 815 2219 eorum,
838 2129 1007 2202 adoravit
1024 2129 1117 2201 illos.
1146 2131 1281 2202 Missus
1304 2143 1430 2202 autem
1452 2129 1498 2200 ad

144 2241 232 2288 eurn
250 2214 450 2310 propheta,
469 2217 588 2288 dixit:
608 2219 685 2288 Gur
707 2219 869 2289 adorasti
886 2225 1008 2309 Deos,
1025 2224 1184 2313 quinon
1209 2223 1465 2297 liberaverunt
1480 2221 1499 2291 l

191 2309 371 2382 Ezechias
385 2313 498 2404 juxta
520 2309 722 2402 beneficia,
740 2336 824 2406 quae
844 2323 1052 2406 acceperat,
1068 2339 1146 2384 non
1166 2318 1341 2386 retribuit
1370 2319 1500 2388 Domi·
1517 2335 1637 2385 armi.
1652 2335 1696 2385 sa.

141 2429 192 2480 no
220 2407 309 2502 quia
330 2407 518 2480 elevatum
540 2418 596 2477 est
612 2431 675 2478 cor
697 2409 789 2501 ejus.

190 2501 301 2574 Multi
321 2502 488 2576 bonitate
508 2501 723 2597 principum
751 2511 787 2572 et
810 2499 972 2589 honore,
1004 2501 1129 2596 quiin
1155 2529 1217 2575 eos
1243 2501 1399 2575 collatus
1424 2515 1502 2595 est,
1517 2515 1610 2568 Esther
1633 2517 1673 2568 ιδ·

141 2597 247 2668 abusi
265 2608 353 2669 sunt
376 2599 417 2668 in
434 2597 655 2693 superbiam.
679 2592 755 2666 Nec
773 2597 940 2667 contenti
959 2607 1048 2666 sunt
1064 2599 1200 2690 gratias
1215 2623 1293 2668 non
1308 2623 1414 2692 agere
1430 2624 1497 2692 pro

138 2689 326 2764 beneficiis
340 2747 350 2784 ,
365 2704 402 2763 et
413 2691 661 2764 humanitatis
678 2693 719 2762 in
733 2715 772 2762 sc
786 2693 872 2786 jura
888 2690 1047 2780 violare,
1060 2689 1124 2762 sed
1135 2691 1203 2761 Dei
1221 2715 1372 2786 quoque
1387 2713 1498 2763 cunc·

136 2795 175 2856 ta
193 2788 378 2860 cernentis
395 2788 628 2860 arbitrantur
644 2811 683 2858 se
702 2783 830 2880 fugere
845 2810 953 2880 posse
976 2785 1210 2857 sententiam.

185 2881 456 2978 conquerendo
478 2881 569 2954 dicit
583 2881 767 2952 Dominus
788 2880 834 2950 de
855 2879 995 2974 populo
1010 2881 1033 2951 J
1036 2878 1228 2954 udaeorum
1246 2905 1262 2950 :-
1274 2880 1386 2958 Filios
1408 2907 1497 2954 enu-
1515 2889 1587 2942 lais
1605 2908 1625 2941 ¹·

135 2977 228 3048 trivi
249 2990 286 3047 et
308 2978 496 3065 exaltavi,
511 2976 585 3070 ipsi
600 2987 726 3048 autem
749 2986 971 3069 spreverunt
993 2999 1064 3054 me.
1081 2975 1129 3044 Et
1149 2977 1313 3050 convicit
1334 3002 1395 3049 eos
1417 3003 1497 3051 esse

134 3070 265 3138 bestiis
288 3071 416 3137 minias
434 3080 566 3160 gratos.
585 3069 784 3140 subditur:
798 3069 982 3162 Cognovit
1005 3070 1073 3138 bos
1098 3093 1345 3160 possessorem
1366 3097 1495 3166 suum,

136 3173 174 3232 ct
192 3162 319 3231 asinus
341 3183 503 3254 praesepe
521 3161 695 3230 Domini:
714 3161 831 3236 ¹lsrael
853 3174 978 3230 autem
1005 3183 1168 3240 menon
1200 3168 1385 3254 cognovit.

185 3253 305 3327 Multa
326 3263 363 3322 et
388 3275 522 3344 magna
544 3251 724 3324 beneficia
741 3253 890 3324 volebat
911 3253 1097 3324 Dominus
1120 3252 1392 3346 facereAchab
1418 3257 1496 3346 regi
1515 3265 1563 3315 tar
1589 3285 1613 3334 7·

135 3351 159 3422 J
163 3349 256 3442 uda,
275 3357 389 3444 prout
410 3345 605 3417 mandavit
631 3347 664 3415 ei
683 3371 748 3438 per
776 3347 903 3418 lsaiam
916 3400 927 3438 ,
944 3343 1029 3440 quae
1063 3356 1189 3418 tamen
1217 3345 1279 3418 ille
1308 3358 1496 3441 acceptare

136 3457 281 3515 contem
311 3443 370 3514 sit.

185 3469 492 3609 Misithonathas
514 3531 630 3604 fortes
652 3542 835 3624 armatos,
853 3536 919 3626 qui
945 3532 1200 3604 liberaverunt
1221 3557 1345 3624 regem
1366 3535 1496 3603 Deme·
1513 3558 1533 3592 ¹·
1552 3541 1638 3594 Maca.
1653 3561 1690 3596 ιι.

133 3634 253 3705 trium
275 3630 321 3700 de
342 3629 516 3700 manibus
535 3625 868 3720 Antiochenorum.
890 3629 939 3698 Et
957 3637 1085 3721 postea
1106 3627 1284 3698 alienavit
1306 3651 1344 3697 se
1367 3629 1495 3698 Deme-

134 3728 232 3800 trius
250 3751 271 3798 a
286 3721 470 3816 tanache,
489 3735 527 3794 et
544 3747 622 3794 non
638 3721 812 3794 retribuit
828 3722 862 3793 ei
878 3719 1085 3794 secundina
1102 3719 1302 3814 beneficia,
1319 3745 1402 3818 quae
1422 3722 1493 3793 sibi

133 3821 340 3910 tribuerat,
356 3832 394 3890 et
411 3818 576 3892 vexabat
599 3843 686 3889 eum
707 3815 826 3890 valde.
1581 3825 1593 3840 ·

183 3917 238 3986 De
254 3915 379 3987 decem
398 3913 492 3987 viris
504 3913 658 4007 leprosis
679 3939 700 3982 a
723 3911 911 3985 salvatore
928 3909 1119 3985 mundatis
1137 3915 1285 3986 tantum
1302 3937 1489 4014 regressus
1510 3929 1574 3984 Luc.
1597 3947 1637 4002 ις.

133 4024 191 4084 est
214 4035 336 4102 unus,
354 4008 595 4102 magnificans
614 4009 761 4098 Deum,
783 4018 819 4078 et
835 4009 970 4102 gratias
994 4031 1114 4100 agens.

182 4104 324 4198 Ingrati
345 4103 500 4176 luerunt
520 4102 637 4174 Paulo
659 4101 802 4174 domini
819 4104 880 4176 vel
892 4113 1062 4198 parentes
1078 4103 1256 4196 puellaeP
1289 4103 1487 4195 monisse,
1508 4119 1598 4172 Actor.
1620 4133 1660 4188 ¹9·

131 4225 155 4269 a
185 4225 262 4294 qua
278 4199 449 4308 spiritum
475 4198 617 4270 malum
640 4197 778 4269 Paulus
807 4199 924 4292 ejecit.
949 4199 1063 4292 Magis
1086 4201 1187 4268 enim
1215 4130 1415 4271 doluerunt
1442 4197 1486 4270 dc

132 4304 284 4392 cruaestu
302 4317 458 4388 amasso,
474 4317 586 4392 quam
609 4292 727 4389 gavisi
743 4304 833 4366 sunt
853 4291 899 4366 de
922 4291 1090 4456 demenso
1112 4291 1278 4388 expulso.
