4502 5484
820 369 877 456 26
1186 357 1452 452 TITULUS
1489 358 1589 448 XV.
1627 357 1832 449 Avaritia.

824 610 863 676 et
883 597 1023 698 primas
1049 592 1213 672 civitatis
1234 589 1502 686 Antiochense,
1531 603 1569 665 et
1596 593 1863 682 excitavenmt
1888 588 2205 686 persecutionem

826 698 868 772 iu
889 694 997 786 illos,
1019 701 1057 764 et
1078 693 1269 789 ejecerunt
1295 713 1359 762 eos
1384 687 1431 760 de
1455 685 1597 762 finibus
1633 691 1723 763 suis.

629 794 721 890 *2⁶⁰5-
741 783 782 854 ¹⁴·
877 792 974 865 Cum
995 787 1135 860 Paulus
1158 798 1195 859 et
1219 785 1409 858 Barnabas
1431 798 1555 860 essent
1576 787 1618 858 in
1641 787 1794 861 civitate
1804 783 1953 883 Lystris
1966 797 2024 875 ,ct
2043 795 2206 857 tantam

828 889 1012 968 haberent
1049 885 1205 980 gratiam
1231 879 1307 973 ibi,
1328 880 1431 978 quod
1458 879 1633 958 homines
1653 883 1745 979 ipsis
1763 893 1944 976 tanquam
1970 881 2051 954 Diis
2078 881 2206 954 sacri-

830 986 942 1062 ficare
958 980 1180 1071 voluerant,
1202 991 1503 1074 supervenerunt
1529 977 1684 1074 quidam
1708 977 1852 1068 Judaai,
1877 978 1945 1074 qui
1963 977 2087 1051 taliter
2106 1003 2204 1074 per—

832 1087 1033 1156 suaserunt
1061 1076 1208 1166 turbis,
1237 1071 1339 1166 quod
1376 1074 1518 1146 Paulus
1548 1073 1622 1148 fuit
1654 1076 1709 1149 ibi
1740 1074 1948 1170 lapidatus,
1985 1087 2051 1167 et,
2082 1085 2202 1148 exoa

831 1175 1023 1251 civitatem
1048 1180 1215 1260 tractus,
1234 1167 1439 1264 putabatur
1472 1195 1552 1244 osse
1582 1184 1766 1246 mortuus.

748 1309 765 1328 .,
880 1265 1110 1360 Quaestuarii
1141 1263 1296 1362 quidam
1323 1286 1411 1336 curn
1433 1267 1558 1360 puella
1580 1269 1755 1364 spiritum
1777 1265 1988 1366 pythonem
2014 1265 2204 1360 habente,

833 1367 1003 1444 volentes
1028 1361 1209 1458 conqueri
1232 1359 1278 1430 dc
1306 1358 1445 1452 Panic,
1464 1387 1545 1437 nou
1566 1363 1749 1438 dixerunt
1774 1363 1875 1460 qnod
1899 1387 1966 1460 per
1985 1387 2071 1436 enar
2103 1363 2202 1435 ami-

836 1473 968 1538 serunt
1003 1469 1190 1556 quaestum
1217 1473 1354 1548 suum,
1379 1453 1445 1530 sed
1474 1459 1691 1534 mentiendo
1718 1459 1919 1540 dixerunt:
1948 1459 1998 1532 Hi
2023 1457 2204 1530 homines

837 1555 1066 1632 conturbant
1094 1553 1283 1626 civitatem
1305 1561 1497 1649 nostram,
1514 1557 1749 1628 annunciant
1770 1555 1959 1651 instituta,
1981 1579 2067 1652 quaa
2087 1554 2205 1627 nobis

837 1677 918 1730 non
946 1653 1035 1724 licet
1067 1649 1270 1746 suscipere,
1297 1671 1385 1722 cum
1417 1651 1535 1724 aimus
1558 1653 1725 1726 Romani.

638 1744 643 1758 '
693 1777 702 1798 ·
755 1755 764 1794 '·
889 1747 1012 1821 ludaei
1045 1745 1228 1820 malitiose
1261 1744 1521 1841 cogitaverunt
1547 1759 1671 1844 petere
1700 1774 1723 1820 a
1748 1748 1936 1842 Tribuno,
1967 1759 2013 1822 ut
2037 1745 2207 1819 *Paulum

839 1844 1061 1945 produceret
1090 1841 1133 1915 in
1158 1839 1348 1934 medium,
1364 1843 1474 1937 quasi
1500 1843 1653 1940 aliquod
1675 1857 1819 1917 certum
1840 1843 2061 1941 inquisituri
2079 1855 2207 1916 essent

840 1943 888 2015 ab
910 1939 984 2014 illo.
1016 1937 1296 2012 Insidiabantur
1322 1949 1447 2010 autem
1475 1941 1510 2012 ei
1537 1940 1667 2033 multi,
1694 1941 1761 2036 qui
1786 1939 1964 2016 volebant
1984 1931 2115 2014 statiua
2142 1940 2209 2012 in-.
2249 2015 2250 2029 ,

839 2037 1007 2115 aer-ficere
1034 2059 1144 2134 cum,
1167 2046 1205 2109 et
1231 2033 1283 2108 ad·
1305 2031 1379 2108 hoc
1405 2035 1518 2112 etiam
1547 2035 1809 2131 obligaverunt
1838 2059 1877 2109 se
1906 2063 1973 2136 per
2003 2047 2134 2110 totum.

1233 2203 1376 2292 TIT
1396 2205 1440 2286 U
1460 2207 1499 2286 L
1520 2205 1564 2286 U
1591 2207 1622 2290 S
1684 2205 1800 2296 XV.

1423 2399 1634 2484 Avaritia

643 2597 713 2654 cen·
732 2591 758 2658 t·
793 2635 799 2646 -
845 2533 1002 2665 Multa
1028 2597 1150 2686 potest
1172 2585 1297 2660 notari
1317 2585 1504 2684 philargia
1523 2588 1566 2662 in
1584 2587 1678 2682 hoc,
1695 2585 1796 2683 quod
1812 2583 1925 2677 Cain,
1949 2609 2037 2662 aum
2055 2595 2207 2690 prospe-

847 2689 924 2768 rari
953 2685 1051 2762 vidit
1077 2683 1205 2759 fratris
1226 2683 1344 2777 bona,
1369 2684 1531 2758 eundem
1560 2683 1714 2757 fratrem
1738 2709 1849 2757 suum
1880 2684 2027 2758 occidit.

652 2790 762 2848 Eodem·
898 2787 996 2858 Cain
1020 2783 1168 2880 primus
1187 2781 1324 2876 legitur
1345 2779 1546 2854 aedificasse
1573 2781 1786 2875 civitatem,
1806 2779 1870 2854 aed
1890 2805 1968 2855 non
1991 2781 2106 2874 Abel,
2122 2779 2207 2880 quia

850 2881 970 2956 sancti
995 2904 1075 2952 non
1100 2875 1242 2952 habent
1274 2875 1340 2954 hic
1366 2889 1592 2950 manentem·
1615 2878 1829 2970 civilatem,
1859 2874 1924 2949 sed
1955 2877 2126 2954 futuram
2151 2879 2207 2952 in-

654 3084 723 3137 Gffl·
744 3072 785 3130 ¹³·
850 2971 1518 3168 qugrbrpldrurbdlddldudubdtbsdliblda
1530 2973 1901 3160 ,liebldmlilbraham
1917 3081 1953 3144 at
1974 3069 2071 3144 Loth
2096 3069 2206 3143 habe·

617 3194 620 3202 ’
750 3259 755 3266 .
850 3173 974 3262 bant„
997 3195 1076 3244 non
1114 3177 1321 3275 potuerunt
1355 3166 1495 3261 pariter
1525 3097 1706 3246 habitare.
1739 3169 1788 3244 Et
1813 3179 2015 3266 ,coeperunt
2046 3179 2205 3264 pastores

851 3291 978 3342 eorem
1001 3265 1048 3336 ad
1074 3263 1238 3338 invicem
1260 3260 1415 3355 ligitare.

657 3377 726 3430 oen·
748 3386 788 3438 τε»
901 3357 1146 3436 Abundantia
1167 3359 1353 3432 bonorum
1376 3359 1635 3453 temporalium
1660 3359 1876 3458 frequenter
1897 3371 1952 3436 ost
1973 3357 2120 3432 occasio
2139 3384 2207 3456 gra·

852 3462 964 3571 viana
997 3467 1251 3558 peccatorum,
1281 3454 1379 3528 sicut
1411 3465 1513 3553 patet
1539 3455 1586 3530 da
1618 3456 1830 3536 Sodomitis·
1850 3454 2106 3555 peccatoribus
2132 3479 2208 3552 pes-

854 3582 971 3632 simas.

656 3665 725 3718 cea
744 3659 787 3710 so.
905 3653 1112 3758 Postquam
1140 3659 1308 3726 creverat
1330 3647 1451 3736 Isaac,
1475 3658 1512 3721 et
1536 3647 1782 3745 locupletatus
1804 3649 1941 3745 fuerat,
1964 3660 2131 3748 pastores
2159 3647 2208 3722 soi

702 3809 712 3816 .
858 3759 896 3820 at
925 3746 1139 3820 vicinorum
1169 3769 1324 3820 suorum
1355 3744 1498 3839 jurgari
1527 3758 1733 3840 coeperunt.

657 3837 744 3896 Μ·
765 3833 807 3888 ¹¹2
909 3838 1050 3946 Odiurn
1072 3840 1254 3930 avaritiae,
1300 3839 1360 3911 lus
1412 3865 1500 3913 uam
1523 3853 1741 3914 caeterorum
1764 3844 1965 3934 vitiorum,
1986 3840 2125 3914 debent
2145 3840 2209 3912 lra-

860 3936 948 4049 bere
957 3932 1115 4102 ⁰jcpdrces
1139 3945 1177 4006 el
1193 3867 1346 4046 Prtellfi·
1364 3866 1452 4012 Ideo
1473 3937 1664 4030 signanter
1685 3935 1776 4012 dicit
1793 3938 1925 4038 Jethro
1946 3937 1992 4012 de
2012 3935 2210 4034 judicibus,
2245 4035 2246 4052 χ

663 4123 749 4188 1²0³·
766 4121 809 4177 ³⁶·
861 4041 1134 4200 qul'aucirdldilt
1148 4043 1427 4220 lrbdibnglbbici,
1443 4125 1510 4225 qui
1526 4123 1671 4200 faciunt
1684 4126 1890 4204 oblationes
1913 4127 2122 4227 superfluas
2137 4154 2212 4226 pro

860 4223 1003 4320 hiberi,
1020 4224 1120 4300 sicut
1138 4219 1310 4302 feceriut
1335 4223 1406 4317 illi,
1429 4225 1497 4322 qui
1517 4223 1693 4324 operibus
1707 4224 1937 4302 tabernaculi
1957 4225 2211 4326 praesidebant
