4502 5484
827 376 857 470 t
1184 341 1457 476 mrunus'
1487 383 1561 473 vs.
1590 375 1812 470 nautam:
1897 451 1902 464 .

630 623 725 690 enee
746 622 787 673 26.
871 607 926 680 Ne
949 609 1106 702 ligenter
1146 609 1374 682 custodiebat
1411 611 1536 684 Abner
1567 607 1771 680 Dominum
1801 631 1911 678 suum
1944 603 2041 712 Saul.
2072 603 2182 676 Nam

824 635 974 800 quando
991 704 1120 790 David
1131 706 1237 779 venit
1255 703 1302 775 ad
1324 715 1442 778 castra
1464 708 1562 801 ejus,
1578 704 1767 773 neminem
1784 701 1919 794 reperit
1939 697 2179 791 mgilantem.

577 813 580 820 ’
628 807 652 842 ²·
667 794 728 857 ΗΕΒ·
746 789 772 855 l·
872 799 1068 868 Dormiens
1098 798 1172 872 fuit
1196 823 1391 894 percussus
1415 796 1583 872 Isboseth
1611 789 1710 868 filius
1743 793 1847 885 Saul,
1869 806 1906 865 et
1931 791 2085 864 occisus.

627 916 652 951 2·
670 903 733 969 seg.
749 916 787 950 ¹¹·
873 892 1052 986 Tempore
1071 920 1147 989 quo
1169 893 1287 965 solent
1310 919 1410 988 reges
1434 895 1480 966 ad
1502 891 1598 964 bella
1618 889 1828 983 procedere,
1850 887 2029 996 remansit
2045 883 2177 960 David

824 986 865 1056 in
894 985 1020 1058 domo:
1038 989 1105 1059 ubi
1127 1013 1238 1082 grave
1258 983 1483 1062 adulterium
1501 999 1538 1060 et
1556 985 1818 1081 gravissimum
1836 978 2082 1054 homicidium
2099 977 2177 1050 hac

826 1081 1017 1152 occasione
1050 1084 1243 1155 commisit.

493 1267 497 1278 ¹
627 1203 651 1238 2·
667 1185 725 1238 su.
746 1183 787 1250 24·
875 1175 1019 1246 Placuit
1049 1177 1135 1246 Joas
1152 1179 1229 1269 regi
1244 1175 1360 1263 duda,
1378 1183 1421 1243 ut
1437 1176 1661 1246 instauraret
1677 1169 1828 1242 domum
1844 1167 2178 1264 Domini,etprae-

823 1269 918 1362 cepit
936 1269 1102 1362 Levitis,
1120 1283 1163 1341 ut
1187 1270 1283 1340 circa
1305 1266 1378 1336 hoc
1396 1279 1518 1336 essent
1546 1263 1703 1336 solliciti.
1727 1265 1842 1338 Porro
1857 1264 1997 1336 Levitae
2016 1273 2175 1359 egerunt

823 1363 1092 1456 negligentius,
1108 1389 1183 1456 qua
1200 1363 1246 1434 de
1264 1385 1375 1432 causa
1392 1383 1461 1430 rex
1488 1357 1609 1452 arguit
1627 1358 1757 1467 Jojada
1779 1357 2014 1430 sacerdotem.

627 1469 726 1522 ttattb.
748 1469 787 1518 13.
872 1459 967 1525 Cum
991 1455 1197 1526 dormirent
1223 1454 1413 1545 homines,
1441 1454 1548 1526 venit
1572 1452 1770 1548 inimicus,
1796 1468 1834 1526 et
1861 1449 2177 1548 superseminavit

824 1548 970 1617 zizania
996 1549 1039 1616 iu
1069 1546 1191 1618 medio
1218 1549 1344 1618 tritici.

629 1649 725 1702 Matth-
746 1666 788 1700 ao·
874 1639 1095 1731 arguuntur
1118 1641 1244 1730 otiosi,
1269 1653 1305 1710 et
1327 1649 1616 1711 remunerantur
1644 1662 1667 1710 ο
1693 1640 1812 1713 erarii.

627 1735 711 1812 tona
731 1773 754 1808 ι.
873 1730 985 1802 Facta
1001 1742 1218 1827 tempestate
1234 1735 1274 1803 in
1300 1732 1395 1803 mari
1408 1732 1520 1802 Jonas
1534 1663 1723 1804 descendit
1745 1734 1792 1805 ad
1806 1735 1983 1808 interiora
1995 1737 2119 1826 navis,
2138 1745 2180 1806 et

826 1825 1030 1918 dormiebat
1053 1851 1182 1922 sopore
1202 1829 1325 1921 gravi,
1348 1838 1383 1896 et
1402 1826 1553 1897 accessit
1574 1826 1620 1898 ad
1643 1850 1729 1900 eum
1752 1819 1993 1922 gubernant,
2015 1837 2052 1901 et
2074 1827 2180 1904 dixit

827 1921 881 1991 ei:
904 1919 1005 2008 Quid
1027 1933 1070 1992 tu
1094 1945 1223 2016 sopore
1250 1915 1497 2015 deprimeris?
1523 1945 1648 2016 surge,
1675 1925 1811 1995 invoca
1830 1923 1952 1995 Deum
1979 1929 2102 1994 'tuum

630 2015 728 2071 Matth·
748 2013 789 2066 ²5·
874 2015 975 2086 Dure
1002 2015 1240 2113 reprehendit
1272 2016 1456 2088 Dominus
1484 2041 1635 2089 servum
1665 2017 1807 2090 malum
1842 2029 1879 2090 et
1911 2019 2076 2116 pigrum,
2109 2019 2190 2114 qui

828 2107 1074 2204 multiplicare
1097 2111 1262 2205 neglexit
1288 2111 1528 2184 commissum
1561 2111 1632 2183 sibi
1656 2112 1850 2184 talentum,

665 2215 776 2268 Ibidem·
876 2203 1047 2299 Virgines
1073 2205 1342 2288 dormitantes,
1367 2231 1525 2288 quarum
1557 2205 1744 2287 lampades
1777 2225 1857 2270 non
1882 2203 2039 2274 suertmi
2070 2205 2180 2294 prius

827 2311 981 2384 omatae,
1004 2298 1158 2367 fuerunt
1184 2310 1310 2387 postea
1337 2315 1358 2360 a
1379 2315 1434 2360 nu
1460 2287 1522 2360 tiis
1552 2287 1725 2356 exclusae.

630 2407 726 2458 Matth.
749 2401 790 2452 26.
875 2387 991 2456 Valde
1018 2387 1198 2458 videntur
1221 2387 1336 2451 luisse
1360 2403 1422 2446 ace
1448 2377 1518 2448 iosi
1547 2376 1640 2448 disci
1669 2380 1720 2454 uh’
1747 2380 1840 2454 hora
1865 2380 1950 2478 illa,
1976 2391 2176 2480 postquam

631 2475 714 2522 nure.
736 2465 775 2529 ¹²¹·
827 2477 945 2568 rogati
975 2500 997 2544 a
1025 2476 1187 2545 Domino
1215 2472 1388 2566 vigilare,
1416 2471 1597 2545 continuo
1652 2476 1868 2552 ormiebant.

1317 2701 1580 2791 TITULUS
1615 2705 1689 2790 VI.

1394 2892 1610 2988 Adulatio.

635 3086 716 3141 uun.
744 3079 784 3133 ¹⁶·
832 3032 981 3164 Chore
1012 3094 1049 3156 et
1079 3081 1272 3180 complices
1301 3081 1396 3181 ejus,
1421 3109 1507 3158 cum
1540 3089 1727 3159 stetissent
1757 3083 1935 3159 adversus
1961 3090 2116 3186 Moysen
2139 3101 2176 3162 et

830 3181 971 3273 Aaron,
993 3180 1189 3252 dixerunt:
1206 3179 1380 3253 ‘Sufficiat
1403 3182 1526 3273 vobis,
1549 3183 1638 3276 quia
1666 3181 1795 3278 omnis·
1813 3179 2015 3254 mtdtitudo
2037 3195 2176 3256 sancto

830 3301 917 3350 rum
944 3290 1017 3366 est,
1042 3277 1083 3346 iu
1105 3274 1195 3368 ipsis
1217 3289 1273 3346 est
1294 3276 1487 3347 Dominus.
1511 3280 1557 3348 Iu
1572 3301 1648 3372 quo
1675 3286 1842 3370 apparet,
1862 3276 1962 3371 quod
1985 3277 2178 3371 captabant

830 3370 1129 3446 benevolentiam
1157 3371 1294 3466 populi.
1971 3417 1974 3432 ·
2074 3375 2077 3384 '

636 3501 661 3536 η.
683 3472 745 3548 aeg.
763 3495 786 3528 ι·
879 3467 1102 3541 Adolescens
1123 3489 1279 3538 nanans
1301 3465 1423 3541 David
1445 3477 1602 3540 mortem
1621 3463 1707 3537 Saul
1726 3475 1762 3536 et
1785 3463 1949 3537 filiorum
1971 3467 2067 3560 ejus,
2086 3467 2176 3537 occi·

831 3588 894 3636 sus
921 3561 995 3632 suit
1014 3556 1059 3629 de
1080 3573 1256 3630 mandato
1274 3563 1402 3654 ipsius.
1425 3559 1584 3632 Putabat
1600 3572 1724 3631 autem
1741 3584 1778 3631 se
1794 3585 1967 3655 prospera
1988 3563 2173 3632 nunciare.

635 3671 748 3736 asam.
768 3663 794 3732 t·
878 3657 963 3726 Duo
994 3654 1173 3742 latrones,
1201 3653 1268 3746 qui
1299 3651 1420 3724 filium
1449 3651 1536 3723 Saul
1564 3654 1732 3726 Isboseth
1760 3655 1989 3744 occiderunt,
2012 3667 2049 3727 et
2069 3665 2175 3749 caput

834 3754 917 3846 ejus
949 3745 1072 3820 David
1110 3746 1334 3838 attulerunt,
1371 3747 1513 3840 placere
1549 3747 1802 3841 crediderunt,
1830 3748 1893 3821 sed
1928 3748 2051 3822 David
2086 3750 2175 3820 bene

834 3843 1012 3930 ostendit,
1040 3839 1140 3935 quod
1164 3840 1235 3911 sibi
1256 3840 1453 3936 displicuit.

635 3951 662 4010 t·
685 3951 748 4018 tter·
773 3945 813 4000 1⁵·
884 3939 1037 4010 Dicebat
1055 3933 1216 4005 Absalon
1239 3933 1385 4008 homini
1406 3939 1596 4008 neuotium
1615 3936 1770 4012 habenti
1791 3962 1914 4011 coram
1934 3962 2018 4032 rege
2036 3935 2173 4011 David:

835 4033 1023 4105 Videntur
1048 4027 1143 4101 mihi
1167 4053 1353 4102 sermones
1375 4033 1432 4103 tui
1506 4032 1606 4106 niet
1629 4034 1738 4130 justi,
1770 4033 1833 4108 sed
1858 4057 1936 4108 non
1963 4044 2032 4132 est,
2055 4035 2118 4128 qui
2138 4045 2175 4104 te

836 4121 978 4221 audiat,
1004 4124 1231 4200 constitutus
1260 4147 1282 4197 a
1306 4149 1399 4221 rege.
2095 4218 2178 4293 Man
