4502 5484
346 418 609 506 TITULUS
644 421 801 507 XXXl.
838 421 1030 508 Consilia
1063 416 1196 510 mala.¹
1388 415 1440 544 ὅγ’

98 641 143 710 de
165 636 329 712 lamuele.
359 638 404 711 In
436 645 562 712 mense
588 650 714 712 autom
747 642 909 737 septimo
934 641 1041 712 venit
1065 640 1214 736 Ismatl,
1243 653 1280 713 et
1308 642 1442 716 occidit

97 731 303 826 Godoliam,
330 744 524 828 postquam
542 734 755 808 vcomederat
784 760 871 808 oum
900 732 974 806 illo.
1310 732 1315 746 '

144 827 350 902 Consilium
369 853 496 903 meum
513 830 654 940 placeat
669 831 758 922 tibi,
779 857 802 903 o
818 829 904 904 rex!
921 841 958 902 et
979 843 1127 927 peccata
1148 845 1215 906 tua
1235 825 1441 931 eleemosyss
1459 852 1528 904 nan.
1547 851 1572 916 t.

93 921 155 996 nis
176 923 332 1015 redime,
355 925 408 997 ait
428 925 561 998 Daniel
582 923 923 1002 Nabuchodonosor
942 927 1028 1022 regi.
1047 927 1123 1018 Qui
1143 955 1222 1001 non
1240 929 1442 1025 acquievit,
1566 955 1569 966 ¹

91 1030 132 1089 et
158 1029 410 1092 mutatusest
434 1009 668 1093 in‘liestianr.
771 1020 773 1024 ’
853 1037 854 1042 ’
895 1097 903 1116 ,

144 1113 292 1186 Vadens
322 1115 363 1186 in
397 1113 536 1186 Galaad
573 1112 689 1185 Judaa
721 1115 955 1190 Machabaeus
987 1116 1138 1212 reliquit
1170 1117 1389 1212 Josephum
1407 1131 1444 1192 et
1462 1158 1485 1193 t·
1503 1142 1588 1199 atach.
1611 1139 1637 1198 t.

90 1211 267 1284 Azariam
299 1207 411 1280 duces
441 1207 591 1303 populi,
613 1218 651 1279 et
680 1210 854 1303 precepit
887 1211 938 1282 eie
970 1209 1117 1284 dicens:
1145 1211 1266 1283 Nolite
1303 1211 1443 1284 bellum

91 1301 326 1378 committere
342 1303 522 1378 adversus
542 1313 683 1398 gentes,
708 1301 826 1375 donec
847 1315 1088 1377 revertantur.
1118 1305 1178 1376 Illi
1199 1329 1290 1380 vero
1311 1305 1442 1377 volue-
1511 1333 1513 1340 '

90 1411 187 1472 runt
206 1399 277 1471 sibi
299 1397 418 1472 facere
443 1423 599 1490 nomen,
626 1410 662 1472 et
687 1395 930 1494 perdiderunt
954 1421 1013 1472 res
1036 1409 1073 1469 et
1098 1424 1246 1471 nornen.

143 1495 309 1567 Habebat
332 1493 447 1566 Judas
473 1491 706 1568 Machabaeus
739 1493 969 1586 octingentos
997 1493 1098 1568 viros
1132 1518 1280 1583 secum,
1308 1493 1484 1571 adver-1.
1509 1518 1633 1587 stieng.

92 1592 278 1666 sariorum
310 1615 400 1664 vero
436 1589 573 1683 viginti
606 1588 683 1662 duo
716 1587 833 1660 millia
851 1640 870 1677 ‚.
887 1601 924 1660 et
962 1589 1180 1662 avertebant
1209 1612 1296 1659 oum
1329 1591 1440 1682 socii,

91 1713 140 1758 ne
173 1697 354 1781 pugnaret
387 1697 494 1775 tunc,
524 1683 588 1757 sed
645 1685 725 1758 rius
758 1682 926 1755 exercitu
959 1694 1186 1779 congregato.
1217 1682 1293 1770 Qui
1319 1685 1441 1756 noluit

87 1783 324 1946 acquiesscere
354 1805 484 1854 eorum
519 1711 694 1873 consilio,
727 1789 765 1852 et
797 1779 838 1868 iu
875 1775 971 1852 bello
1015 1779 1094 1874 ipse
1128 1775 1283 1870 cecidit,
1318 1779 1441 1852 caeteri

83 1899 182 1948 ¹voro
224 1901 251 1947 u
274 1887 395 1948 erunt.
954 1939 959 1946 ,
1079 1895 1083 1902 ·

139 1901 288 2043 Bonurgn
313 1967 509 2042 consilium
532 1965 633 2039 dedit
652 1993 754 2042 uxor
767 1968 877 2041 Pilati
898 1968 982 2044 viro
1004 1971 1090 2060 sito,
1113 1967 1177 2040 aed
1193 1966 1254 2040 ille
1277 1971 1440 2062 acquies-
1459 1990 1555 2044 utun
1575 1979 1631 2061 ψ’

91 2087 173 2136 cere
194 2065 407 2152 recusavit,
432 2064 548 2157 magis
570 2062 707 2134 timens
729 2063 912 2135 Caesarern
940 2060 1140 2153 offendere,
1161 2086 1275 2156 quam
1294 2065 1441 2157 justum

92 2159 311 2250 sartguinem
333 2155 587 2228 condemnare.

459 2321 835 2415 TITULUS
882 2325 1103 2448 XXXI(

595 2451 781 2626 Consilio
815 2501 938 2582 malo.

85 2643 190 2773 Eva
216 2691 262 2767 de
291 2691 392 2788 ligno
418 2692 537 2766 vetito
564 2687 667 2762 dedit
693 2689 778 2762 viro
807 2703 891 2779 suo‚'
919 2687 985 2782 qui
1012 2683 1179 2758 comedit.
1204 2689 1438 2782 Praesumen-¹
1455 2727 1521 2781 cen.
1538 2731 1587 2785 3,,

86 2795 180 2867 dum
204 2803 280 2881 est,
303 2785 402 2885 qnod
424 2789 504 2884 ipsa
527 2783 754 2878 persuaserit
787 2783 880 2855 'viru
932 2801 934 2806 '
1588 2793 1589 2798 ’

133 2887 311 2977 Domina,
327 2883 389 2956 cui
415 2881 599 2958 serviebat
614 2877 774 2976 Joseph,
793 2877 889 2950 male
915 2877 1038 2972 ipsum
1061 2875 1280 2951 sollicitabat
1295 2879 1341 2970 ad
1355 2901 1437 2976 pec
1452 2913 1519 2964 cen.
1534 2915 1576 2984 39,
1653 2923 1656 2930 ‚

85 2995 221 3057 catum.
1255 3016 1260 3027 ·

133 3083 276 3150 Moram
298 3073 456 3146 iaciente
471 3075 534 3143 Mo
565 3095 603 3142 se
627 3094 716 3141 cum
741 3068 903 3152 Domino
924 3068 965 3138 in
986 3080 1127 3161 monte,
1156 3068 1254 3142 dixit
1275 3070 1434 3165 populus
1451 3101 1534 3152 rma,
1557 3103 1597 3154 32.
1689 3077 1690 3080 ’

84 3171 225 3242 Aaroni
254 3193 274 3244 z,
293 3167 365 3236 Fac
397 3167 506 3238 nobis
533 3097 630 3236 deos
656 3163 810 3252 alienos,
833 3162 899 3256 qui
935 3187 1003 3232 nos
1029 3163 1249 3258 praecedant.
1288 3164 1434 3252 Quibus

84 3259 386 3358 suggestionibus
415 3283 462 3351 po
489 3257 542 3329 uli
570 3260 692 3328 Aaron
717 3255 829 3328 stulte
849 3256 1047 3350 acquievit.

133 3355 288 3429 Balaam
301 3351 430 3422 docuit
477 3350 570 3439 alac,
585 3348 771 3443 quomodo
786 3373 853 3444 per
873 3349 1049 3422 mulieres
1060 3364 1188 3446 posset
1205 3349 1301 3442 filios
1321 3351 1436 3422 loratil
1450 3381 1531 3432 Num.
1551 3383 1592 3446 24.

83 3451 130 3526 ad
156 3461 346 3546 peccatum
371 3441 549 3529 trahere,
571 3452 608 3510 et
631 3443 682 3511 sic
703 3455 836 3514 contra
860 3469 899 3514 se
931 3443 1133 3536 Dominum
1159 3447 1371 3537 psovooare.

132 3545 218 3616 Filii
246 3543 408 3613 Ammon
437 3533 533 3609 male
560 3543 757 3606 suaserunt
783 3537 860 3626 regi
890 3538 1043 3626 suo,.'ut
1063 3533 1323 3610 dehonestaret
1338 3558 1436 3608 nun·
1450 3587 1475 3622 2,
1492 3574 1555 3642 neg,
1571 3591 1611 3626 10,
1642 3545 1647 3556 '

84 3642 162 3712 cios
192 3634 325 3710 David.
1165 3688 1166 3694 κ
1192 3653 1195 3658 “

134 3730 302 3808 Jonadab
324 3751 439 3820 nepos
460 3721 582 3798 David
603 3717 745 3792 malum
764 3717 962 3793 consilium
987 3718 1089 3810 dedit
1111 3720 1286 3812 Ammon,
1309 3735 1352 3794 ut
1370 3719 1434 3796 de·
1449 3773 1475 3809 2,
1490 3719 1553 3828 Rssg,
1570 3777 1578 3810 ,
1585 3760 1609 3810 3,
1675 3797 1676 3800 ,

83 3827 237 3900 floreret
267 3846 428 3900 sororem
460 3835 588 3892 suam:
616 3815 661 3887 de
692 3839 768 3912 quo
791 3827 918 3911 postea
950 3815 1069 3898 multa
1096 3815 1193 3887 mala
1215 3831 1431 3890 evenerunt.

132 3901 399 3994 Detestandum
422 3921 459 3988 et
481 3925 589 4009 turpe
611 3910 809 3984 consilium
829 3909 931 3982 dedit
952 3907 1174 4006 Achitophel
1191 3907 1384 4004 Absaloni,
1396 3925 1432 3986 et
1449 3962 1475 3997 2,
1492 3949 1555 4016 fleg..
1569 3951 1608 4000 ,6,

82 4030 210 4090 tamen
232 4028 311 4088 erat
332 4011 546 4103 consilium,
565 4006 666 4105 quod
682 4006 744 4080 ille
768 4005 880 4079 dabat
896 4005 937 4076 in
956 4004 1086 4078 diebus
1104 4005 1196 4100 iltis,
1219 4007 1326 4100 quasi
1347 4009 1431 4104 quis

83 4110 294 4183 consuleret
326 4109 470 4192 Deum„

131 4207 363 4280 Averterunt
379 4201 552 4274 mulieres
573 4222 636 4269 cor
655 4195 876 4288 Salomonis,
895 4208 931 4268 et
950 4197 1002 4267 ita
1020 4195 1265 4292 depravatum
1287 4207 1342 4270 est
1365 4222 1432 4294 per
1448 4241 1472 4292 3·
1493 4242 1554 4306 fleg·
1572 4257 1608 4290 n.

82 4322 162 4396 cas,
193 4311 238 4374 ut
260 4308 478 4397 sequeretur
506 4294 607 4370 Deos
633 4290 791 4388 alienos,
819 4302 856 4363 et
882 4291 1109 4457 coleretHeos.
1152 4375 1154 4382 Ι
