4502 5484
246 443 506 533 TITULUS
535 441 684 528 XXIII.
714 441 826 526 Boni
852 444 1039 530 latentes
1064 449 1179 530 inter
1210 446 1359 529 malos.
1418 449 1502 582 45Ι

182 671 337 740 Sanctus
367 663 437 734 Job
472 659 618 756 gentilis
654 659 750 751 fuit,
774 671 812 732 et
847 662 893 734 de
926 665 1027 735 Esau
1056 661 1194 734 dicitur
1226 659 1478 751 descendisse,
1499 687 1558 737 ros.
1584 703 1609 742 α.

163 787 247 836 uem
273 772 399 831 tamen
425 766 568 829 constat
589 754 661 828 fide
688 767 725 826 et
756 757 921 830 moribus
943 757 1163 831 mirabiliter
1195 755 1394 845 claruisse,
1415 757 1481 864 qui

139 791 179 930 de
214 856 332 950 seipso
364 852 537 926 dicebat:
566 849 695 928 Frater
727 847 785 940 fui
814 850 1042 946 draconum,
1070 866 1107 927 et
1140 852 1261 924 socius
1301 848 1483 924 struthio-

139 978 237 1027 num.
696 1015 699 1024 ,
1214 1011 1219 1018 .

182 1045 358 1118 Jeremias
386 1040 569 1138 propheta
609 1051 686 1112 erat
721 1065 807 1112 cum
844 1044 1018 1140 populis,
1050 1046 1117 1138 qui
1153 1053 1407 1116 remanserant
1441 1042 1483 1111 in
1501 1064 1596 1114 rerem.
1620 1061 1663 1126 aa.

139 1141 262 1214 Judaaa
313 1148 371 1208 ost
396 1133 685 1206 destructionem
710 1135 958 1226 Hierusalem,
982 1139 1048 1232 qui
1070 1163 1138 1231 pro
1160 1138 1250 1229 ipsis
1276 1136 1418 1225 orabat,
1447 1145 1484 1204 et

136 1239 224 1332 ipsis
246 1166 480 1306 voluntatem
499 1225 651 1298 Domini
664 1224 910 1300 monstrabat.
930 1229 989 1300 llli
1009 1255 1100 1302 vero
1122 1229 1315 1300 dicebant:
1332 1225 1485 1297 Menda-

139 1334 235 1403 cium
265 1339 309 1396 tu
330 1322 516 1417 loqueris,
533 1343 611 1391 non
632 1332 669 1392 te
696 1321 798 1392 misit
820 1323 1026 1416 Dominus,
1049 1323 1113 1396 sed
1136 1319 1285 1394 Baruch
1307 1321 1485 1393 incitabat

140 1436 174 1497 te
194 1421 372 1494 adversus
399 1442 487 1507 nos,
507 1425 553 1488 ut
572 1413 693 1486 tradat
719 1440 786 1487 nos
807 1417 850 1488 in
877 1442 1011 1490 manus
1040 1415 1310 1490 Chaldaeorum.

184 1517 291 1588 Dixit
322 1513 506 1585 Dominus
534 1507 739 1582 Ezechieli:
768 1511 827 1583 Tu
859 1509 915 1584 fili
947 1511 1131 1604 hominis,
1156 1525 1205 1584 ne
1238 1513 1367 1583 timeas
1400 1537 1462 1584 eos
1480 1528 1595 1601 ,raca
1623 1543 1648 1577 κ

138 1611 313 1708 quoniam
338 1605 522 1678 increduli
548 1617 585 1676 et
611 1606 850 1680 subversores
877 1620 967 1680 sunt
987 1619 1135 1702 tecum,
1156 1619 1193 1678 et
1216 1631 1301 1679 cum
1325 1607 1487 1701 scorpio-

137 1709 247 1780 nibus
269 1701 426 1775 habitas.
918 1753 922 1772 ι

183 1798 333 1890 Daniel,
352 1797 533 1889 Ananias,
556 1795 724 1886 linarias,
748 1796 879 1869 Misadl·
904 1796 1173 1873 habitaverunt
1196 1821 1281 1869 cum
1304 1794 1485 1868 Chaldaeis
1503 1815 1573 1865 usn.
1604 1814 1628 1864 3.
1654 1813 1680 1863 a.

139 1891 362 1982 idololatris,
384 1891 451 1986 qui
477 1915 539 1962 eos
568 1890 615 1960 ad
643 1889 889 1964 idololatriam
922 1893 1099 1966 inducere
1111 1947 1121 1986 ,
1152 1905 1189 1966 et
1220 1917 1242 1964 a
1271 1892 1376 1965 cultu
1405 1890 1488 1966 veri
1549 1899 1576 1941 εἰ
1601 1889 1639 1954 ¹·t·

138 1991 206 2062 Dei
232 1985 420 2060 retrahere
444 1985 726 2058 laboraverunt.
800 1981 804 1992 ’
929 2047 934 2056 .
1352 2015 1361 2026 ·

187 2085 357 2178 Susanna
382 2079 457 2150 fuit
484 2079 689 2150 castissima
703 2128 705 2132 -
721 2080 762 2150 in
794 2079 1008 2176 Babylone,
1034 2083 1103 2156 ubi
1138 2106 1246 2154 senes
1278 2082 1489 2178 presbyteri
1506 2090 1576 2139 Dan·
1598 2085 1638 2135 ¹³·

143 2188 248 2246 erant
277 2171 475 2261 impudici,
498 2183 535 2240 et
555 2171 698 2260 judices
729 2171 862 2266 iniqui.
1518 2245 1520 2250 ,
1664 2169 1666 2176 ’

187 2259 396 2352 Videbatur
421 2272 585 2351 tempore
612 2264 787 2328 Antiochi
810 2266 1035 2353 Epiphanio,
1053 2269 1153 2356 quod
1176 2267 1297 2339 Judaei
1319 2279 1424 2339 erant
1443 2269 1491 2338 ad
1511 2269 1644 2324 1.snch.
1658 2267 1697 2317 ³·-

143 2360 259 2431 ritum
286 2353 453 2446 gentium
483 2350 676 2438 translati,
701 2351 764 2422 sed
790 2350 938 2425 inventi
968 2367 1057 2426 sunt
1085 2358 1332 2446 Mathathias,
1354 2373 1391 2427 et
1423 2363 1493 2428 filii

143 2456 243 2622 ffus,
272 2448 492 2538 Eleazarus,
517 2453 554 2513 et
587 2442 697 2516 multi
727 2445 811 2534 alii,
839 2447 882 2524 in
913 2447 992 2540 lege
1025 2450 1094 2519 Dei
1132 2449 1238 2522 valde
1272 2451 1422 2523 stabiles
1456 2463 1492 2522 et

172 2569 255 2618 rrm.
651 2603 653 2608 ,
765 2609 768 2616 .
1200 2549 1209 2568 ’

191 2633 462 2710 Commendans
488 2633 673 2704 Dominus
710 2627 823 2704 fidem
853 2643 890 2704 et
916 2632 1154 2710 devotionem
1182 2637 1419 2712 Centurionis
1445 2639 1491 2710 de
1510 2645 1606 2696 uarat.
1629 2644 1681 2694 ¹3··

142 2733 433 2904 paphpmaum,
463 2727 593 2800 dixit:
625 2725 736 2817 Quod
769 2752 848 2800 non
885 2729 1080 2804 invenerat
1118 2744 1262 2806 tantam
1304 2733 1417 2806 fidem
1449 2738 1491 2806 in

162 2855 268 2904 srae.

191 2917 412 2996 Nicodamus
434 2920 607 3014 princeps
627 2916 844 2992 Judaeorum
864 2920 972 2992 venit
989 2920 1035 2992 ad
1056 2919 1183 2996 Jesum
1201 2936 1309 2998 nocte
1328 2934 1364 2995 et
1382 2922 1490 3020 plane
1510 2933 1585 2984 toan.
1610 2931 1635 2981 3·

148 3018 340 3092 constssus
367 3028 440 3087 est:
466 3009 604 3103 Rabbi,
621 3014 757 3087 scimus
779 3016 911 3112 quiaa
937 3016 1014 3088 Deo
1036 3021 1176 3092 venisti
1196 3023 1379 3116 magister.
1625 3004 1629 3020 ¹

191 3116 323 3183 Postea
345 3107 526 3180 crucifixo
546 3109 726 3199 Domine,
748 3112 853 3182 venit
879 3108 926 3181 ad
950 3110 1200 3206 sepeliendum
1222 3139 1326 3210 eum,
1341 3128 1493 3212 portans
1511 3121 1587 3170 ΞΜ·
1612 3132 1656 3168 20·

151 3231 226 3278 roo.
251 3205 366 3273 libras
380 3202 571 3294 ‚unguenti
600 3205 761 3297 pretiosi.

197 3293 335 3392 Joseph
368 3294 503 3382 nobilis
537 3293 687 3368 decurio
722 3299 768 3368 ab
798 3299 1007 3371 Arimathia
1037 3300 1241 3398 discipulus
1273 3315 1350 3376 erat
1383 3303 1496 3392 Jesu,
1513 3307 1595 3384 uara.
1617 3302 1658 3354 ¹5·

141 3393 316 3466 occultu-s
337 3397 460 3458 autem
479 3399 627 3546 propter
645 3402 786 3462 metum
806 3391 827 3460 J
829 3392 1038 3484 udaeomm,
1056 3396 1222 3488 deposito
1236 3410 1363 3468 tamen
1380 3410 1496 3486 metu,

147 3488 324 3558 audacter
342 3479 535 3586 intravita
578 3478 758 3570 Pilatum,
774 3495 810 3553 et
828 3483 1000 3561 devotam
1017 3489 1234 3581 petitionem
1249 3487 1355 3578 fecit,
1365 3501 1494 3584 petens

150 3603 287 3746 eoppus
310 3578 399 3648 Jesu
420 3571 466 3642 ab
494 3569 672 3644 indevoto
694 3585 869 3668 tyranno.

236 3668 436 3744 onerabilis
470 3668 608 3738 Doctor
637 3667 815 3740 Gamaliel
841 3668 931 3764 legis
964 3682 1042 3743 erat
1071 3671 1304 3767 Pharisaeus,
1332 3687 1369 3748 et
1397 3673 1498 3750 dedit
1514 3677 1574 3732 Aa.
1600 3679 1639 3732 ⁵·-

148 3772 295 3842 bonum
309 3762 482 3837 etnobile
500 3761 1126 3861 consilium,proap0stolis,p1inoi
1151 3765 1236 3840 ibas
1254 3770 1495 3844 sacerdotum.
1518 3811 1520 3815 ·
1557 3791 1558 3796 ’
1732 3767 1738 3776 ’

201 3862 271 3933 Vir
292 3857 444 3957 quidam
465 3866 543 3930 erat
563 3857 604 3928 in
631 3855 815 3952 caesarea,
837 3861 989 3933 nomine
1014 3791 1224 3957 Cornelius,
1247 3866 1438 3960 religiosus
1460 3881 1496 3941 et
1515 3869 1576 3922 act.
1603 3885 1659 3922 ¹⁰·—

150 3957 291 4030 timens
313 3956 433 4028 Deum
459 3977 545 4025 cum
576 3952 678 4024 omni
707 3953 818 4030 domo
845 3980 935 4056 aua,
955 3955 1372 4062 facienseleemcsyuas
1398 3961 1514 4061 plebi.

153 4063 193 4126 et
220 4049 418 4149 deprecans
444 4048 649 4122 Dominum
674 4071 827 4147 semper.
1022 4049 1041 4095 ι
