4464 5464
715 437 799 523 216
816 421 1086 520 TITULUS
1108 425 1299 518 CXVIII.
1324 383 1564 546 oppressio
1588 415 1805 511 benonim
1825 453 1906 545 per
1929 427 2096 524 malos.

518 671 545 740 t·
558 671 622 740 neg.
638 663 665 718 ⁶·
765 659 849 734 Rex
873 661 999 736 Israt'l·
1013 659 1139 734 loram
1161 659 1362 757 pessimus,
1386 655 1565 748 audiens,
1581 654 1683 756 quod
1701 657 1872 732 maxima
1893 657 2016 737 fames
2032 689 2091 739 es·

719 757 839 844 setin
873 759 1043 848 civitate,
1064 755 1169 832 misit
1194 757 1322 832 virum
1349 753 1396 827 ad
1427 752 1700 852 amputandum
1732 766 1847 850 caput
1873 755 2011 832 Elisaei.
2070 789 2073 799 ·

516 868 644 926 arant.
657 864 701 933 24.
768 853 825 928 Ad
851 854 1052 951 imperium
1079 853 1165 926 Joas
1191 854 1288 948 regis
1311 850 1436 941 luda,
1463 847 1650 946 lapidatus
1674 851 1731 921 est
1753 849 1950 926 Zacharias
1977 853 2086 932 filius

719 947 877 1047 Jojadoe,
912 976 980 1048 pro
1007 975 1068 1044 e0,
1094 949 1196 1046 quod
1223 949 1400 1046 arguebat
1417 969 1541 1043 regem
1560 955 1598 1018 et
1614 943 1817 1043 populum,
1844 947 2083 1044 sculptilibus

721 1046 938 1122 servientes.
1013 1067 1032 1112 Ἀ
1433 1050 1443 1078 '

516 1157 621 1214 tutin.
644 1171 670 1208 a.
767 1140 1110 1217 Nabuchodonosor
1146 1142 1321 1244 praecepit
1356 1137 1573 1230 Holoferni,
1596 1147 1641 1210 ut
1674 1161 1802 1212 omnes
1831 1137 1922 1210 Deos
1956 1149 2072 1214 tenae

714 1239 1007 1331 exterminaret,
1027 1239 1202 1312 videlicet
1221 1249 1266 1312 ut
1286 1239 1367 1334 ipse
1394 1235 1494 1308 solus
1519 1235 1619 1308 Deus
1642 1232 1848 1325 diceretur,
1863 1245 1899 1306 et
1920 1248 2074 1330 propter

717 1335 791 1409 hoc
816 1330 937 1408 multa
957 1359 1073 1431 regna
1098 1333 1309 1424 destruxit,
1326 1345 1363 1406 et
1384 1329 1675 1442 populumDei,
1691 1331 1759 1427 qui
1777 1355 1899 1427 nuper
1916 1329 2080 1406 redierat

717 1431 763 1506 de
781 1431 1001 1529 captivitate
1027 1431 1255 1530 Babylonis,
1279 1428 1424 1502 afflixit.
1688 1475 1695 1482 -

515 1545 591 1604 ast.
610 1544 635 1599 a.
652 1542 680 1612 t.
765 1532 886 1600 Aman
899 1527 1104 1623 superbus,
1121 1527 1305 1620 crudelis,
1326 1536 1364 1598 et
1386 1523 1525 1620 impius
1548 1523 1601 1614 ita
1622 1533 1758 1628 potens
1776 1521 1874 1614 fuit,
1890 1521 1991 1620 quod
2006 1549 2080 1636 pro

714 1623 838 1698 nihilo
866 1622 1000 1697 habuit
1025 1647 1223 1720 procurare
1243 1647 1382 1736 necem⁸
1397 1621 1568 1731 omnium
1589 1616 1826 1712 Judaeorum,
1856 1619 1923 1692 sed
1947 1617 2080 1697 diviua

515 1825 615 1876 serem.
637 1833 681 1870 ²⁰·
716 1719 953 1898 Pli’hlrdciiiisii
963 1719 1576 1910 {huaitsiii‘nlhtiiiiitiaid'hldipllietam
1587 1823 1624 1886 et
1635 1811 1736 1884 misit
1747 1835 1835 1884 eum
1850 1811 1892 1884 iu
1903 1837 2074 1892 nemum

515 1929 613 1978 tuens·
627 1921 671 1974 a&
763 1912 928 1984 Ananias
936 1909 1173 2008 prophetavit
1184 1911 1293 2006 plane
1305 1922 1434 1985 contra
1443 1907 1662 2006 illud,quod
1671 1906 1816 1981 dicebat
1830 1905 2030 2000 ieremias,
2043 1925 2079 1986 et

715 2005 805 2080 tulit
816 2020 984 2079 catenam
994 2007 1154 2102 ligneam
1166 2005 1212 2078 de
1224 2007 1319 2080 collo
1330 2002 1906 2098 Jeremiae,etconfregiteam,et
1916 2005 2008 2081 abiit
2018 2010 2079 2084 Je-

716 2102 851 2176 1emias
863 2103 903 2174 in
916 2102 1071 2176 domum
1084 2127 1212 2196 suam,
1227 2104 1333 2198 quasi
1349 2099 1530 2176 confusus
1550 2099 1673 2174 abillo
1688 2097 1867 2174 mendace
1884 2101 2075 2198 propheta.

514 2217 587 2270 nan.
602 2211 628 2265 s.
644 2212 685 2264 ιε.
765 2195 1110 2273 Nabuchodonosor
1127 2223 1199 2272 rex
1216 2199 1422 2298 Babylonis
1441 2197 1614 2272 Auariam
1640 2206 1678 2269 et
1693 2195 1812 2269 socios
1834 2198 1917 2294 ejus
1937 2199 1979 2272 in
1998 2202 2077 2280 for-

550 2290 579 2334 “
594 2279 633 2349 ¹⁴·
672 2291 679 2310 '
714 2319 847 2369 necem
869 2296 969 2370 mitti
986 2295 1113 2392 jussit,
1125 2321 1168 2368 eo
1184 2293 1284 2391 quod
1304 2295 1360 2368 illi
1379 2293 1531 2392 adorare
1546 2292 1752 2366 noluerunt
1770 2303 1949 2387 statuam,
1960 2323 2077 2392 quam

716 2391 796 2488 ipse
821 2391 1016 2466 idololatra
1040 2392 1196 2489 iniquus
1223 2392 1356 2468 erexit.
1385 2389 1435 2466 Et
1461 2388 1594 2464 Daniel
1613 2389 1672 2462 bis
1699 2387 1775 2462 fuit
1801 2389 1934 2463 missus
1954 2395 1997 2468 iu
2014 2395 2075 2470 la-

710 2511 802 2562 cum
835 2488 1011 2580 leonum,
1027 2488 1315 2586 procurantibus
1341 2486 1510 2584 pessimis
1536 2483 1766 2559 hominibus.

511 2612 534 2648 t·
553 2591 642 2646 niet.
656 2609 676 2644 ι·
761 2583 971 2656 Antiochus
1001 2585 1167 2657 ascendit
1196 2585 1493 2684 Hierosolymam
1520 2583 1563 2654 in
1580 2578 1825 2656 multitudine
1850 2581 1957 2679 gravi
1986 2604 2072 2658 cum

714 2701 757 2750 su
787 2677 904 2768 erbia,
921 2689 957 2750 et
980 2675 1068 2751 fecit
1088 2679 1143 2752 ibi
1162 2677 1366 2752 terribilem
1393 2677 1593 2752 hominum
1616 2677 1765 2750 caedem.

512 2800 535 2837 ι·
554 2779 641 2834 theb
652 2795 682 2846 a
760 2702 981 2867 hrochides,
997 2787 1040 2848 et
1057 2773 1223 2848 Alcimus
1245 2774 1427 2871 proditor,
1444 2774 1548 2847 missi
1564 2773 1586 2845 a
1601 2791 1641 2846 re
1664 2799 1685 2844 e
1701 2773 1899 2862 Demetrio,
1913 2782 2063 2880 tautum

714 2869 923 2940 exercitum
949 2869 1213 2962 produxerunt
1239 2882 1369 2942 contra
1398 2868 1536 2942 ludam
1568 2797 1830 2954 Maeliabaeum,
1856 2864 1957 2960 quod
1977 2889 2059 2960 ipse

710 2959 831 3032 Judas
854 2961 986 3034 cecidit
1014 2966 1056 3035 in
1080 2961 1195 3053 bello,
1221 2975 1259 3036 et
1285 2963 1409 3036 caeteri
1428 2965 1691 3038 commilitones
1715 2961 1773 3036 sui
1798 2958 1988 3054 firges-unt.

509 3081 534 3121 ι.
549 3063 637 3116 Mat·
652 3059 694 3114 ¹³·
760 3055 935 3130 Proditor
956 3069 993 3144 et
1010 3057 1159 3130 dolosus
1182 3057 1382 3156 Tryphon,
1399 3061 1467 3156 qui
1488 3062 1687 3135 Dominum
1708 3080 1819 3130 suum
1834 3079 1966 3150 regem·
1985 3057 2064 3128 An-

710 3149 882 3227 tiochum
902 3152 1172 3228 adolescentem
1192 3155 1279 3230 dolo
1297 3155 1450 3250 occidit,
1469 3155 1670 3232 Jouatham
1690 3166 1728 3250 et
1748 3149 1842 3228 duos
1865 3153 1950 3249 ejus
1970 3149 2066 3226 filios

710 3250 886 3346 nequiter
905 3251 1103 3325 interfecit.
1645 3268 1653 3282 '
1784 3324 1789 3337 ,

511 3353 610 3406 Mb·
626 3351 679 3420 th·
759 3346 944 3420 loannem
965 3349 1186 3460 baptistam,
1198 3349 1316 3422 totius
1334 3349 1526 3446 exemplar-
1537 3349 1764 3439 sanctitatis,
1783 3344 1830 3420 ad
1849 3343 2064 3442 petitionem

509 3422 594 3474 ΜΝ·
612 3421 639 3473 ⁶·
709 3443 824 3516 unius
847 3444 1054 3524 meretricis
1070 3442 1276 3537 ,Herodes
1298 3444 1446 3520 adulter
1468 3446 1694 3539 vilissimus,
1719 3442 1924 3518 decollavit.

459 3605 462 3612 ,
510 3577 610 3630 M,
624 3579 666 3631 as.
756 3537 930 3614 Salvator
956 3537 1090 3615 mundi
1112 3540 1298 3614 Dominus
1328 3543 1437 3618 Jesus
1458 3540 1533 3616 fuit
1558 3565 1758 3639 percussus
1779 3551 1818 3612 et
1842 3535 1994 3610 delusus
2018 3531 2069 3606 ab

501 3647 584 3698 som.
598 3663 636 3768 ip·
708 3636 833 3731 Anna,
852 3635 1007 3736 Caipha,
1021 3649 1058 3741 et
1073 3636 1120 3710 ab
1131 3635 1275 3709 Herode
1288 3637 1506 3728 Tetrarcha,
1520 3651 1557 3712 et
1572 3637 1721 3711 tandem
1736 3661 1759 3708 a
1771 3631 1930 3733 praeside
1948 3629 2067 3704 Pilato

508 3711 610 3767 ΗΜ
706 3732 896 3827 judicatus
910 3746 950 3807 et
964 3731 1192 3825 crucifixus,
1213 3733 1290 3806 imo
1318 3733 1366 3807 ab
1393 3759 1474 3808 uno
1501 3729 2007 3827 latronumblasphematus.

504 3869 598 3925 m
627 3867 653 3924 ἃ
755 3827 933 3923 Princeps
952 3827 1185 3904 sacerdotum
1207 3840 1245 3901 et
1265 3853 1408 3922 omnes,
1435 3829 1604 3926 quicum
1622 3829 1688 3902 illo
1709 3837 1832 3919 erant,
1854 3824 2069 3918 injecerunt

705 3943 843 3994 manus
860 3923 902 3993 in
921 3922 1131 4020 Apostolos,
1147 3935 1184 3995 et
1196 3919 1409 4020 posuerunt
1425 3951 1487 3998 eos
1505 3927 1548 3999 in
1566 3923 1735 3999 custodia
1747 3922 1914 4035 publica,
1927 3929 1965 3990 et
1979 3940 2069 4014 pos-

704 4024 766 4124 tea
783 4013 1058 4184 fuemhth'aesi,
1079 4031 1118 4092 et
1134 4017 1403 4096 denunciatum
1420 4033 1476 4096 est
1494 4022 1565 4118 eis,
1580 4047 1629 4096 ue
1643 4020 1804 4119 amphus
1821 4017 2069 4113 loquerentur

635 4147 640 4159 ·
703 4133 746 4182 m
768 4135 921 4184 nomme
967 4137 1045 4186 esu.
1341 4171 1343 4178 >

501 4217 636 4277 Artena
657 4237 682 4294 7.
749 4205 914 4299 Quidam
937 4209 960 4281 J
962 4207 1060 4283 udaei
1076 4211 1363 4306 commoverunt
1384 4211 1530 4310 plebem
1545 4225 1583 4288 et
1605 4207 2002 4296 seniooesetsuitu,
2018 4213 2062 4274 et

699 4317 907 4400 rapuerunt
920 4304 1169 4418 Stephanum,
1181 4321 1218 4385 et
1233 4320 1438 4390 statuentes
1453 4307 1546 4391 duos
1563 4309 1677 4388 falsos
1687 4320 1801 4390 testes
1815 4317 1943 4382 contu
1952 4321 2064 4389 eum,

697 4399 960 4500 lapidaverunt
981 4427 1117 4502 ipsum.
1958 4489 2008 4568 M·
2035 4488 2065 4564 ,t

1997 4513 2048 4566 rsa
