4502 5484
194 353 197 358 ¹
244 325 547 476 *TlTULU's
576 372 727 470 XVIII.
762 375 1036 482 Benedictio,
1066 411 1148 500 qua
1176 372 1299 472 Deus
1325 403 1406 472 etc.
1464 377 1516 473 35

155 608 258 682 dixit
275 663 286 698 ,
301 608 422 684 occiso
447 604 671 681 Holoferne:
696 608 883 682 Dominus
917 607 1154 704 omnipotens
1187 607 1315 684 necuit
1348 631 1453 702 eum,
1482 617 1520 679 et
1653 601 1656 606 ’

32 771 44 785 ,
157 702 314 778 tradidit
344 706 385 776 in
408 727 543 776 manus
565 702 754 795 foeminae,
777 717 815 778 et
832 702 1003 778 confudit
1033 727 1131 776 eum.

207 797 351 872 Videns
377 798 492 872 Judas
520 795 756 872 Machabaeus
780 800 991 872 exercitum
1014 799 1162 872 Seronis
1189 822 1386 896 magnum,
1410 799 1518 872 sociis
1540 837 1563 874 t.
1583 819 1669 874 nach.
1684 823 1714 875 a.

160 896 382 970 timentibus
409 898 482 968 ait:
510 895 632 968 Facile
659 905 715 966 est
737 894 909 970 concludi
936 895 1074 970 multos
1096 897 1138 968 in
1158 923 1273 970 manu
1296 919 1519 993 paucorum,

163 1003 200 1065 et
227 1017 304 1064 non
332 1003 388 1064 est
413 989 622 1066 differentia
650 990 692 1062 in
715 1002 916 1086 conspectu
936 989 1006 1062 Dei
1031 991 1116 1064 coeli
1133 989 1289 1065 liberare
1311 995 1352 1064 in
1370 989 1519 1083 multis,

162 1087 225 1162 vel
257 1086 299 1158 in
333 1088 461 1182 paucis
498 1097 568 1157 etc.
603 1085 652 1156 Et
681 1087 865 1158 contritus
894 1099 950 1158 est
978 1087 1094 1159 Serou
1121 1100 1158 1160 et
1190 1090 1388 1160 exercitus.
1415 1083 1519 1158 Idem

165 1180 402 1256 Machabaeus
425 1205 512 1253 cum
534 1179 656 1252 tribus
676 1179 841 1253 millibus
867 1181 1056 1273 virorum,
1073 1183 1139 1278 qui
1160 1193 1374 1276 tegumenta
1390 1192 1427 1251 et
1443 1179 1519 1276 gla
1539 1215 1563 1250 ι.
1582 1199 1669 1250 uach.
1687 1197 1713 1266 4.

162 1275 248 1350 dos
270 1297 348 1347 non
368 1275 571 1366 habebant,
597 1273 796 1350 debellavit
818 1273 993 1370 Gorgiam
1015 1298 1100 1348 cum
1128 1299 1263 1368 magno
1290 1276 1469 1348 exercitu.

179 1447 183 1454 ,
215 1369 331 1444 Venit
341 1367 542 1443 Bacchides
558 1373 600 1445 in
615 1369 760 1443 virtute
772 1369 907 1461 multa,
918 1382 963 1443 ut
978 1382 1159 1465 pugnaret
1174 1382 1305 1443 contra
1319 1370 1341 1440 J
1342 1369 1522 1461 mathan,
1540 1409 1563 1442 ι.
1582 1386 1670 1438 naeu.
1688 1399 1714 1452 9.

166 1477 206 1539 et
222 1465 322 1538 dixit
333 1465 514 1539 Jonathas
526 1467 572 1538 ad
587 1490 691 1538 suos:
704 1490 914 1561 pugnemus
926 1479 963 1538 et
973 1463 1176 1538 clamemus
1190 1467 1230 1539 in
1243 1465 1396 1557 coelum,
1417 1477 1461 1538 ut
1480 1465 1523 1538 li-

168 1562 343 1636 beremur
360 1559 407 1633 de
426 1562 599 1634 menibus
618 1559 857 1634 inimicorum
875 1574 1110 1652 nostrorum,
1125 1559 1227 1657 quod
1243 1572 1280 1632 et
1294 1558 1434 1632 factum
1457 1573 1523 1634 est.

217 1657 273 1728 De
289 1655 387 1728 Juda
407 1656 619 1730 Machabaeo
645 1658 734 1729 satis
756 1656 920 1730 notabile
936 1669 1007 1749 est,
1029 1655 1131 1752 quod
1151 1680 1238 1728 cum
1257 1657 1366 1728 toties
1382 1681 1526 1752 pugna·
1546 1696 1568 1730 ι.
1587 1671 1675 1730 uach.
1692 1669 1718 1721 a

170 1753 288 1843 verit,
310 1762 346 1823 et
365 1763 421 1826 tot
439 1754 641 1848 probitates
658 1749 805 1843 fecerit,
819 1751 1122 1848 quandocunque
1142 1762 1376 1849 pugnaturus
1392 1754 1529 1846 oravit,

169 1858 209 1920 et
231 1846 405 1920 divinum
427 1848 615 1922 auxilium
639 1848 849 1941 invocavit,
875 1871 1021 1945 semper
1039 1849 1210 1923 vicit.1n
1231 1846 1380 1920 duobus
1402 1859 1530 1922 autem

172 1942 371 2106 praecipuis
386 1943 493 2018 bellis
508 1969 632 2016 orasse
649 1968 728 2017 non
742 1944 888 2040 legitur.
909 1943 1042 2018 Unum
1063 1941 1139 2018 fuit
1155 1955 1285 2016 contra
1301 1943 1531 2016 Antiochum

208 2045 420 2129 upatorem:
441 2038 654 2114 Secundum
681 2052 815 2112 contra
835 2037 1059 2114 Bacchidem
1088 2051 1126 2112 et
1151 2037 1358 2133 Alcimum,
1375 2050 1413 2112 et
1437 2049 1530 2116 tunc

173 2127 324 2222 ipsein
353 2133 482 2228 praelio
507 2131 649 2206 cecidit.

570 2301 902 2386 TITULUs
946 2307 1142 2394 XVIII.

369 2485 642 2588 Benedicat),
676 2515 758 2604 qua
793 2488 913 2574 Deus
945 2490 1111 2574 homini
1141 2487 1358 2578 benedicit.

100 2693 113 2702 ⁵
183 2641 361 2778 Creavit
379 2699 563 2774 Dominus
581 2697 775 2773 homiuem
790 2696 838 2770 ad
851 2697 1052 2795 imaginem
1069 2709 1107 2772 et
1119 2699 1403 2774 similitudinem
1417 2727 1540 2800 suem,
1559 2739 1628 2793 oen.
1647 2750 1672 2792 ¹,

182 2797 394 2874 masculum
419 2807 457 2868 et
486 2794 680 2868 foeminam
709 2795 851 2868 amavit
877 2793 985 2886 illos,
1012 2794 1281 2892 benedixitque
1310 2798 1363 2870 eis
1397 2809 1434 2872 et
1467 2800 1540 2874 ait:

183 2893 345 2969 Crescite
380 2901 417 2964 et
443 2889 768 3001 multiplicamini²
795 2903 834 2963 et
856 2890 999 2984 replete'
1025 2903 1174 2963 terram.

177 3047 182 3057 .
232 2985 433 3063 Benedixit
456 2987 641 3062 Dominus
670 2983 767 3079 Noe,
788 2998 827 3060 et
856 2985 963 3078 filiis,
989 2996 1027 3059 et
1052 2985 1153 3060 dixit
1180 2985 1230 3060 ad
1253 2985 1356 3062 illost
1381 2989 1543 3066 Crescite
1561 3025 1630 3080 cen.
1647 3039 1675 3091 9⁸

188 3097 256 3158 etc.
280 3097 402 3157 tenor
428 3095 554 3158 vester
574 3094 643 3156 etc.
669 3084 719 3158 sit
749 3107 862 3178 super
887 3095 1024 3154 cuncta
1045 3083 1242 3177 animalia,
1271 3097 1339 3157 etc.

238 3177 348 3250 Dixit
362 3176 547 3249 Dominus
562 3176 610 3250 ad
631 3177 836 3251 Abraham:
857 3175 1040 3272 Egredere
1060 3177 1106 3248 de
1120 3189 1221 3250 terre
1235 3180 1544 3270 tua‚benedicam
1563 3214 1631 3266 cen.
1653 3224 1692 3262 η.

189 3271 261 3346 tibi
287 3279 325 3342 et
354 3269 598 3362 magnificabo
626 3299 765 3346 nomen
786 3283 921 3364 tuum,
943 3273 1091 3370 erisque
1121 3272 1349 3348 benedictus.

174 3367 177 3372 ’
240 3367 292 3440 Su
339 3361 509 3436 rIsruatil
525 3366 706 3442 exaudivi
725 3380 779 3460 te,
793 3367 893 3442 dixit
910 3369 1094 3442 Dominus
1114 3366 1162 3440 ad
1183 3368 1391 3466 Abraham,
1406 3381 1444 3444 et
1465 3396 1548 3460 ecce
1566 3399 1634 3451 cen.
1655 3411 1696 3464 ις.

194 3461 290 3537 bene
319 3460 413 3530 ‘cam
440 3459 496 3548 ei,
514 3469 552 3530 et
574 3461 737 3552 augebo,
759 3473 795 3534 et
821 3461 1077 3556 multiplicabo
1103 3487 1190 3535 eum
1224 3463 1344 3538 valde.

241 3554 427 3632 Dominus
443 3551 638 3625 benedixit
652 3554 768 3647 Isaac,
781 3566 819 3627 et
836 3555 1177 3650 locupletatum,
1193 3567 1230 3628 et
1247 3557 1326 3628 ibat
1342 3557 1549 3650 proficiens.
1569 3581 1638 3634 cen.
1657 3579 1698 3629 aa
1758 3599 1762 3608 ·

243 3653 422 3746 Loquens
438 3647 552 3721 Jacob
565 3648 748 3742 Domino,
767 3660 804 3722 et
825 3647 1017 3724 avunculo
1035 3675 1105 3722 suo
1120 3647 1262 3741 laban,
1278 3651 1343 3720 ait:
1363 3651 1551 3725 Modicum
1570 3681 1638 3733 een.
1657 3678 1699 3730 30.

195 3745 382 3836 habuisti,
409 3756 611 3856 antequam
639 3745 809 3819 venirem
841 3744 889 3818 ad
919 3756 975 3837 te,
1001 3754 1039 3817 et
1064 3767 1168 3818 nuno
1193 3741 1299 3819 dives
1320 3769 1359 3818 es
1378 3743 1553 3845 effectus,

197 3836 468 3938 benedixitque
496 3840 567 3914 trbi
585 3841 780 3932 Dominus
809 3839 857 3914 ed
877 3839 1074 3914 introitum
1110 3863 1249 3912 meum.-

250 3937 363 4010 Jacob
383 3937 424 4010 in
447 3937 614 4010 oratione
640 3936 786 4010 luctans
807 3963 896 4012 cum
918 3935 1049 4032 angelo
1074 3934 1146 4010 sit:
1173 3931 1258 4010 Non
1283 3933 1470 4012 dimittam
1494 3949 1555 4033 te,
1572 3968 1640 4021 oen.
1660 3964 1701 4019 31.

202 4033 279 4108 nisi
304 4031 541 4106 benedixeris
566 4032 683 4108 mihis
708 4036 901 4130 sequitur,
927 4043 965 4108 et
990 4029 1184 4106 benedixit
1202 4032 1238 4104 ei
1252 4033 1294 4104 in
1314 4032 1442 4108 codem
1461 4027 1554 4110 loco.

249 4127 448 4204 Benedixit
463 4129 648 4204 Dominus
670 4127 801 4204 domui
822 4129 988 4227 AEgyptii
1013 4140 1165 4225 pnopter
1192 4125 1349 4224 Joseph,
1364 4139 1403 4202 et
1425 4127 1557 4204 multi·
1574 4155 1642 4208 cen.
1661 4149 1703 4216 ³9³

204 4221 360 4324 plicavit
381 4235 458 4304 tam
474 4225 518 4303 in
532 4223 691 4325 pudibus,
708 4249 822 4326 quam
836 4225 880 4302 in
896 4223 993 4323 aglis
1006 4236 1181 4318 cunctam
1199 4223 1446 4390 spbstantiam
1464 4227 1556 4323 ejus.

1268 4339 1288 4388 2
