<?xml version="1.0" encoding="UTF-8"?>
<!DOCTYPE html PUBLIC "-//W3C//DTD XHTML 1.0 Transitional//EN"
    "http://www.w3.org/TR/xhtml1/DTD/xhtml1-transitional.dtd">
<html xmlns="http://www.w3.org/1999/xhtml" xml:lang="en" lang="en">
 <head>
  <title>
</title>
<meta http-equiv="Content-Type" content="text/html;charset=utf-8" />
  <meta name='ocr-system' content='tesseract 3.04.00' />
  <meta name='ocr-capabilities' content='ocr_page ocr_carea ocr_par ocr_line ocrx_word'/>
</head>
<body>
  <div class='ocr_page' id='page_1' title='image "./exemplabiblicai00hanagoog_0191.png"; bbox 0 0 4498 5462; ppageno 0'>
   <div class='ocr_carea' id='block_1_1' title="bbox 717 413 2004 589">
    <p class='ocr_par' dir='ltr' id='par_1_1' title="bbox 717 413 2004 589">
     <span class='ocr_line' id='line_1_1' title="bbox 717 413 2004 589; baseline 0.012 -53"><span class='ocrx_word' id='word_1_1' title='bbox 717 457 792 559; x_wconf 78' lang='lat' dir='ltr'><strong>17ss</strong></span> <span class='ocrx_word' id='word_1_2' title='bbox 878 453 1139 550; x_wconf 72' lang='lat' dir='ltr'><strong>Truncus</strong></span> <span class='ocrx_word' id='word_1_3' title='bbox 1184 457 1336 544; x_wconf 81' lang='lat' dir='ltr'><strong>xcvi.</strong></span> <span class='ocrx_word' id='word_1_4' title='bbox 1364 456 1600 589; x_wconf 15' lang='lat' dir='ltr'><strong>*natorum</strong></span> <span class='ocrx_word' id='word_1_5' title='bbox 1641 465 1887 555; x_wconf 59' lang='lat' dir='ltr'><strong>mutuando.</strong></span> <span class='ocrx_word' id='word_1_6' title='bbox 2000 413 2004 430; x_wconf 70' lang='grc'><em>’</em></span> 
     </span>
    </p>
   </div>
   <div class='ocr_carea' id='block_1_2' title="bbox 714 583 2060 622">
    <p class='ocr_par' dir='ltr' id='par_1_2' title="bbox 714 583 2060 622">
     <span class='ocr_line' id='line_1_2' title="bbox 714 583 2060 622; baseline 0.004 -15"><span class='ocrx_word' id='word_1_7' title='bbox 714 583 2060 622; x_wconf 37' lang='grc' dir='ltr'><strong>’.ὴ-’ΜΝ</strong></span> 
     </span>
    </p>
   </div>
   <div class='ocr_carea' id='block_1_3' title="bbox 1015 689 1646 776">
    <p class='ocr_par' dir='ltr' id='par_1_3' title="bbox 1015 689 1646 776">
     <span class='ocr_line' id='line_1_3' title="bbox 1015 689 1646 776; baseline 0.019 -13"><span class='ocrx_word' id='word_1_8' title='bbox 1015 752 1020 763; x_wconf 80' lang='grc'><strong>,</strong></span> <span class='ocrx_word' id='word_1_9' title='bbox 1116 689 1418 776; x_wconf 82' lang='lat' dir='ltr'>TITULUS</span> <span class='ocrx_word' id='word_1_10' title='bbox 1476 691 1646 776; x_wconf 89' lang='lat' dir='ltr'><strong>XCVI.</strong></span> 
     </span>
    </p>
   </div>
   <div class='ocr_carea' id='block_1_4' title="bbox 1143 864 1618 950">
    <p class='ocr_par' dir='ltr' id='par_1_4' title="bbox 1143 864 1618 950">
     <span class='ocr_line' id='line_1_4' title="bbox 1143 864 1618 950; baseline 0 -6"><span class='ocrx_word' id='word_1_11' title='bbox 1143 865 1355 950; x_wconf 81' lang='lat' dir='ltr'><strong>Malorum</strong></span> <span class='ocrx_word' id='word_1_12' title='bbox 1389 864 1618 947; x_wconf 81' lang='lat' dir='ltr'><strong>mullitudo.</strong></span> 
     </span>
    </p>
   </div>
   <div class='ocr_carea' id='block_1_5' title="bbox 421 992 2056 1156">
    <p class='ocr_par' dir='ltr' id='par_1_5' title="bbox 421 992 2056 1156">
     <span class='ocr_line' id='line_1_5' title="bbox 421 992 2056 1156; baseline 0.002 -37"><span class='ocrx_word' id='word_1_13' title='bbox 421 1029 426 1048; x_wconf 62' lang='lat'><em>⁶</em></span> <span class='ocrx_word' id='word_1_14' title='bbox 511 1053 688 1122; x_wconf 38' lang='lat' dir='ltr'><strong>Gerr-⁰17-</strong></span> <span class='ocrx_word' id='word_1_15' title='bbox 711 992 834 1123; x_wconf 80' lang='lat' dir='ltr'><strong>Cum</strong></span> <span class='ocrx_word' id='word_1_16' title='bbox 852 1049 992 1124; x_wconf 71' lang='lat' dir='ltr'><strong>tactum</strong></span> <span class='ocrx_word' id='word_1_17' title='bbox 1015 1053 1089 1125; x_wconf 86' lang='lat' dir='ltr'><strong>fuit</strong></span> <span class='ocrx_word' id='word_1_18' title='bbox 1112 1051 1314 1146; x_wconf 83' lang='lat' dir='ltr'><strong>diluvium,</strong></span> <span class='ocrx_word' id='word_1_19' title='bbox 1330 1063 1413 1127; x_wconf 90' lang='lat' dir='ltr'><strong>octo</strong></span> <span class='ocrx_word' id='word_1_20' title='bbox 1433 1053 1605 1125; x_wconf 83' lang='lat' dir='ltr'><strong>homiues</strong></span> <span class='ocrx_word' id='word_1_21' title='bbox 1630 1056 1781 1126; x_wconf 77' lang='lat' dir='ltr'><strong>tantum</strong></span> <span class='ocrx_word' id='word_1_22' title='bbox 1805 1051 2056 1156; x_wconf 44' lang='lat' dir='ltr'><strong>salvati&#39;sunt.</strong></span> 
     </span>
    </p>
   </div>
   <div class='ocr_carea' id='block_1_6' title="bbox 403 1144 2056 4273">
    <p class='ocr_par' dir='ltr' id='par_1_6' title="bbox 756 1144 1661 1242">
     <span class='ocr_line' id='line_1_6' title="bbox 756 1144 1661 1242; baseline 0.001 -28"><span class='ocrx_word' id='word_1_23' title='bbox 756 1144 888 1215; x_wconf 90' lang='lat' dir='ltr'><strong>Omnis</strong></span> <span class='ocrx_word' id='word_1_24' title='bbox 914 1149 1050 1242; x_wconf 86' lang='lat' dir='ltr'>quippe</span> <span class='ocrx_word' id='word_1_25' title='bbox 1071 1173 1155 1220; x_wconf 86' lang='lat' dir='ltr'><strong>caro</strong></span> <span class='ocrx_word' id='word_1_26' title='bbox 1181 1175 1291 1223; x_wconf 89' lang='lat' dir='ltr'><strong>corru</strong></span> <span class='ocrx_word' id='word_1_27' title='bbox 1318 1160 1395 1222; x_wconf 83' lang='lat' dir='ltr'><strong>erat</strong></span> <span class='ocrx_word' id='word_1_28' title='bbox 1415 1149 1517 1222; x_wconf 88' lang='lat' dir='ltr'><strong>viam</strong></span> <span class='ocrx_word' id='word_1_29' title='bbox 1540 1172 1661 1218; x_wconf 88' lang='lat' dir='ltr'><strong>suam.</strong></span> 
     </span>
    </p>

    <p class='ocr_par' dir='ltr' id='par_1_7' title="bbox 509 1238 2055 1431">
     <span class='ocr_line' id='line_1_7' title="bbox 509 1238 2055 1337; baseline 0.006 -35"><span class='ocrx_word' id='word_1_30' title='bbox 509 1253 576 1303; x_wconf 76' lang='lat' dir='ltr'><strong>een.</strong></span> <span class='ocrx_word' id='word_1_31' title='bbox 597 1251 640 1304; x_wconf 79' lang='lat'><strong>25.</strong></span> <span class='ocrx_word' id='word_1_32' title='bbox 755 1238 886 1310; x_wconf 89' lang='lat' dir='ltr'><strong>Plures</strong></span> <span class='ocrx_word' id='word_1_33' title='bbox 909 1241 1065 1314; x_wconf 87' lang='lat' dir='ltr'><strong>fuerunt</strong></span> <span class='ocrx_word' id='word_1_34' title='bbox 1090 1243 1164 1314; x_wconf 82' lang='lat' dir='ltr'><strong>filii</strong></span> <span class='ocrx_word' id='word_1_35' title='bbox 1183 1247 1301 1314; x_wconf 83' lang='lat' dir='ltr'><strong>Ismuc</strong></span> <span class='ocrx_word' id='word_1_36' title='bbox 1319 1244 1365 1333; x_wconf 88' lang='lat' dir='ltr'><strong>&#39;s,</strong></span> <span class='ocrx_word' id='word_1_37' title='bbox 1384 1265 1497 1336; x_wconf 91' lang='lat' dir='ltr'><strong>quam</strong></span> <span class='ocrx_word' id='word_1_38' title='bbox 1528 1240 1596 1312; x_wconf 88' lang='lat' dir='ltr'><strong>filii</strong></span> <span class='ocrx_word' id='word_1_39' title='bbox 1617 1241 1736 1334; x_wconf 80' lang='lat' dir='ltr'><strong>Isaac,</strong></span> <span class='ocrx_word' id='word_1_40' title='bbox 1754 1255 1791 1314; x_wconf 86' lang='lat' dir='ltr'><strong>et</strong></span> <span class='ocrx_word' id='word_1_41' title='bbox 1814 1243 1938 1337; x_wconf 91' lang='lat' dir='ltr'><strong>plures</strong></span> <span class='ocrx_word' id='word_1_42' title='bbox 1964 1241 2055 1314; x_wconf 85' lang='lat' dir='ltr'><strong>filios</strong></span> 
     </span>
     <span class='ocr_line' id='line_1_8' title="bbox 707 1333 1711 1431; baseline 0.004 -29"><span class='ocrx_word' id='word_1_43' title='bbox 707 1337 869 1428; x_wconf 82' lang='lat' dir='ltr'><strong>suscepit</strong></span> <span class='ocrx_word' id='word_1_44' title='bbox 896 1335 1086 1409; x_wconf 79' lang='lat' dir='ltr'><strong>Abraham</strong></span> <span class='ocrx_word' id='word_1_45' title='bbox 1109 1335 1155 1408; x_wconf 89' lang='lat' dir='ltr'><strong>de</strong></span> <span class='ocrx_word' id='word_1_46' title='bbox 1181 1337 1334 1427; x_wconf 88' lang='lat' dir='ltr'><strong>Cetura,</strong></span> <span class='ocrx_word' id='word_1_47' title='bbox 1360 1333 1541 1431; x_wconf 84' lang='lat' dir='ltr'><strong>quamde</strong></span> <span class='ocrx_word' id='word_1_48' title='bbox 1569 1337 1665 1406; x_wconf 88' lang='lat' dir='ltr'><strong>Sara.</strong></span> <span class='ocrx_word' id='word_1_49' title='bbox 1701 1349 1711 1366; x_wconf 86' lang='grc'><strong>“</strong></span> 
     </span>
    </p>

    <p class='ocr_par' dir='ltr' id='par_1_8' title="bbox 436 1428 2056 1622">
     <span class='ocr_line' id='line_1_9' title="bbox 436 1428 2056 1525; baseline 0.004 -27"><span class='ocrx_word' id='word_1_50' title='bbox 436 1433 442 1450; x_wconf 90' lang='grc'><em>’</em></span> <span class='ocrx_word' id='word_1_51' title='bbox 506 1445 574 1498; x_wconf 79' lang='lat' dir='ltr'><strong>cen.</strong></span> <span class='ocrx_word' id='word_1_52' title='bbox 592 1463 634 1513; x_wconf 86' lang='lat'><strong>¹9·</strong></span> <span class='ocrx_word' id='word_1_53' title='bbox 753 1428 796 1498; x_wconf 95' lang='lat' dir='ltr'><strong>In</strong></span> <span class='ocrx_word' id='word_1_54' title='bbox 820 1433 988 1525; x_wconf 88' lang='lat' dir='ltr'><strong>quinque</strong></span> <span class='ocrx_word' id='word_1_55' title='bbox 1012 1432 1228 1504; x_wconf 87' lang='lat' dir='ltr'><strong>civitatibus</strong></span> <span class='ocrx_word' id='word_1_56' title='bbox 1250 1431 1494 1504; x_wconf 88' lang='lat' dir='ltr'>Sodomorum</span> <span class='ocrx_word' id='word_1_57' title='bbox 1521 1455 1598 1501; x_wconf 90' lang='lat' dir='ltr'><strong>non</strong></span> <span class='ocrx_word' id='word_1_58' title='bbox 1622 1443 1730 1501; x_wconf 88' lang='lat' dir='ltr'><strong>eraut</strong></span> <span class='ocrx_word' id='word_1_59' title='bbox 1755 1431 1901 1506; x_wconf 85' lang='lat' dir='ltr'><strong>inventi</strong></span> <span class='ocrx_word' id='word_1_60' title='bbox 1927 1431 2056 1504; x_wconf 85' lang='lat' dir='ltr'><strong>decem</strong></span> 
     </span>
     <span class='ocr_line' id='line_1_10' title="bbox 702 1515 2047 1622; baseline 0.004 -31"><span class='ocrx_word' id='word_1_61' title='bbox 702 1515 826 1616; x_wconf 76' lang='lat' dir='ltr'><strong>justi:</strong></span> <span class='ocrx_word' id='word_1_62' title='bbox 849 1549 935 1620; x_wconf 87' lang='lat' dir='ltr'><strong>ergo</strong></span> <span class='ocrx_word' id='word_1_63' title='bbox 958 1539 1037 1596; x_wconf 91' lang='lat' dir='ltr'><strong>crat</strong></span> <span class='ocrx_word' id='word_1_64' title='bbox 1061 1527 1115 1599; x_wconf 90' lang='lat' dir='ltr'><strong>ibi</strong></span> <span class='ocrx_word' id='word_1_65' title='bbox 1137 1526 1341 1599; x_wconf 90' lang='lat' dir='ltr'><strong>multitudo</strong></span> <span class='ocrx_word' id='word_1_66' title='bbox 1367 1525 1569 1618; x_wconf 86' lang='lat' dir='ltr'><strong>malorum,</strong></span> <span class='ocrx_word' id='word_1_67' title='bbox 1589 1537 1627 1598; x_wconf 86' lang='lat' dir='ltr'><strong>et</strong></span> <span class='ocrx_word' id='word_1_68' title='bbox 1656 1527 1818 1622; x_wconf 77' lang='lat' dir='ltr'><strong>paucitas</strong></span> <span class='ocrx_word' id='word_1_69' title='bbox 1854 1528 2047 1609; x_wconf 78' lang='lat' dir='ltr'><strong>bonorum.</strong></span> 
     </span>
    </p>

    <p class='ocr_par' dir='ltr' id='par_1_9' title="bbox 506 1618 2046 1812">
     <span class='ocr_line' id='line_1_11' title="bbox 506 1618 2046 1716; baseline 0.005 -30"><span class='ocrx_word' id='word_1_70' title='bbox 506 1637 574 1686; x_wconf 75' lang='lat' dir='ltr'><strong>cen.</strong></span> <span class='ocrx_word' id='word_1_71' title='bbox 597 1637 638 1704; x_wconf 78' lang='lat'><strong>37·</strong></span> <span class='ocrx_word' id='word_1_72' title='bbox 750 1618 854 1691; x_wconf 89' lang='lat' dir='ltr'><strong>Inter</strong></span> <span class='ocrx_word' id='word_1_73' title='bbox 870 1645 998 1692; x_wconf 89' lang='lat' dir='ltr'><strong>omnes</strong></span> <span class='ocrx_word' id='word_1_74' title='bbox 1015 1619 1147 1694; x_wconf 84' lang='lat' dir='ltr'><strong>fratres</strong></span> <span class='ocrx_word' id='word_1_75' title='bbox 1163 1621 1300 1716; x_wconf 82' lang='lat' dir='ltr'><strong>Joseplr</strong></span> <span class='ocrx_word' id='word_1_76' title='bbox 1315 1645 1391 1692; x_wconf 87' lang='lat' dir='ltr'><strong>nou</strong></span> <span class='ocrx_word' id='word_1_77' title='bbox 1409 1619 1566 1696; x_wconf 88' lang='lat' dir='ltr'><strong>fuerunt</strong></span> <span class='ocrx_word' id='word_1_78' title='bbox 1588 1623 1659 1694; x_wconf 87' lang='lat' dir='ltr'><strong>nisi</strong></span> <span class='ocrx_word' id='word_1_79' title='bbox 1674 1620 1759 1711; x_wconf 89' lang='lat' dir='ltr'><strong>duo,</strong></span> <span class='ocrx_word' id='word_1_80' title='bbox 1778 1621 1906 1692; x_wconf 86' lang='lat' dir='ltr'><strong>Ruben</strong></span> <span class='ocrx_word' id='word_1_81' title='bbox 1926 1629 1964 1690; x_wconf 88' lang='lat' dir='ltr'><strong>et</strong></span> <span class='ocrx_word' id='word_1_82' title='bbox 1981 1619 2005 1686; x_wconf 91' lang='lat' dir='ltr'>J</span> <span class='ocrx_word' id='word_1_83' title='bbox 2006 1647 2046 1692; x_wconf 90' lang='lat' dir='ltr'><strong>u-</strong></span> 
     </span>
     <span class='ocr_line' id='line_1_12' title="bbox 702 1711 2002 1812; baseline 0.004 -30"><span class='ocrx_word' id='word_1_84' title='bbox 702 1711 782 1801; x_wconf 89' lang='lat' dir='ltr'><strong>das,</strong></span> <span class='ocrx_word' id='word_1_85' title='bbox 805 1715 872 1808; x_wconf 87' lang='lat' dir='ltr'><strong>qui</strong></span> <span class='ocrx_word' id='word_1_86' title='bbox 894 1714 1158 1788; x_wconf 84' lang='lat' dir='ltr'><strong>laboraverunt</strong></span> <span class='ocrx_word' id='word_1_87' title='bbox 1180 1716 1303 1809; x_wconf 86' lang='lat' dir='ltr'><strong>ipsum</strong></span> <span class='ocrx_word' id='word_1_88' title='bbox 1325 1716 1502 1806; x_wconf 87' lang='lat' dir='ltr'><strong>liberare,</strong></span> <span class='ocrx_word' id='word_1_89' title='bbox 1526 1715 1586 1787; x_wconf 88' lang='lat' dir='ltr'><strong>sed</strong></span> <span class='ocrx_word' id='word_1_90' title='bbox 1608 1717 1880 1812; x_wconf 66' lang='lat' dir='ltr'><strong>praeiralucrunt</strong></span> <span class='ocrx_word' id='word_1_91' title='bbox 1904 1717 2002 1790; x_wconf 79' lang='lat' dir='ltr'><strong>mati.</strong></span> 
     </span>
    </p>

    <p class='ocr_par' dir='ltr' id='par_1_10' title="bbox 504 1808 2048 1994">
     <span class='ocr_line' id='line_1_13' title="bbox 504 1808 2048 1904; baseline 0 -22"><span class='ocrx_word' id='word_1_92' title='bbox 504 1831 584 1882; x_wconf 80' lang='lat' dir='ltr'><strong>Num.</strong></span> <span class='ocrx_word' id='word_1_93' title='bbox 607 1831 648 1882; x_wconf 79' lang='lat'><strong>13.</strong></span> <span class='ocrx_word' id='word_1_94' title='bbox 749 1811 897 1902; x_wconf 83' lang='lat' dir='ltr'><strong>Moyses</strong></span> <span class='ocrx_word' id='word_1_95' title='bbox 917 1808 1168 1902; x_wconf 83' lang='lat' dir='ltr'><strong>exploratores</strong></span> <span class='ocrx_word' id='word_1_96' title='bbox 1183 1810 1285 1881; x_wconf 85' lang='lat' dir='ltr'><strong>misit</strong></span> <span class='ocrx_word' id='word_1_97' title='bbox 1302 1811 1347 1880; x_wconf 96' lang='lat' dir='ltr'><strong>ad</strong></span> <span class='ocrx_word' id='word_1_98' title='bbox 1365 1809 1666 1884; x_wconf 83' lang='lat' dir='ltr'><strong>considerandam</strong></span> <span class='ocrx_word' id='word_1_99' title='bbox 1683 1823 1821 1884; x_wconf 86' lang='lat' dir='ltr'><strong>terram</strong></span> <span class='ocrx_word' id='word_1_100' title='bbox 1836 1811 2048 1904; x_wconf 89' lang='lat' dir='ltr'><strong>promissio-</strong></span> 
     </span>
     <span class='ocr_line' id='line_1_14' title="bbox 701 1901 1907 1994; baseline 0.002 -21"><span class='ocrx_word' id='word_1_101' title='bbox 701 1903 776 1990; x_wconf 88' lang='lat' dir='ltr'><strong>nis,</strong></span> <span class='ocrx_word' id='word_1_102' title='bbox 800 1901 862 1973; x_wconf 86' lang='lat' dir='ltr'><strong>sed</strong></span> <span class='ocrx_word' id='word_1_103' title='bbox 890 1901 965 1975; x_wconf 92' lang='lat' dir='ltr'><strong>duo</strong></span> <span class='ocrx_word' id='word_1_104' title='bbox 987 1906 1135 1994; x_wconf 78' lang='lat' dir='ltr'><strong>tantum</strong></span> <span class='ocrx_word' id='word_1_105' title='bbox 1158 1918 1264 1976; x_wconf 88' lang='lat' dir='ltr'><strong>eraut</strong></span> <span class='ocrx_word' id='word_1_106' title='bbox 1291 1905 1401 1994; x_wconf 89' lang='lat' dir='ltr'><strong>boni,</strong></span> <span class='ocrx_word' id='word_1_107' title='bbox 1429 1906 1567 1978; x_wconf 87' lang='lat' dir='ltr'><strong>scilicet</strong></span> <span class='ocrx_word' id='word_1_108' title='bbox 1590 1905 1698 1976; x_wconf 87' lang='lat' dir='ltr'><strong>Caleb</strong></span> <span class='ocrx_word' id='word_1_109' title='bbox 1720 1917 1758 1976; x_wconf 89' lang='lat' dir='ltr'><strong>et</strong></span> <span class='ocrx_word' id='word_1_110' title='bbox 1784 1906 1907 1978; x_wconf 79' lang='lat' dir='ltr'><strong>losue.</strong></span> 
     </span>
    </p>

    <p class='ocr_par' dir='ltr' id='par_1_11' title="bbox 502 1999 2052 2190">
     <span class='ocr_line' id='line_1_15' title="bbox 502 1999 2052 2095; baseline 0.006 -29"><span class='ocrx_word' id='word_1_111' title='bbox 502 2027 582 2078; x_wconf 80' lang='lat' dir='ltr'><strong>Num.</strong></span> <span class='ocrx_word' id='word_1_112' title='bbox 602 2009 639 2078; x_wconf 66' lang='lat'><strong>1&#39;1,</strong></span> <span class='ocrx_word' id='word_1_113' title='bbox 747 1999 931 2069; x_wconf 77' lang='lat' dir='ltr'><strong>sexcenta</strong></span> <span class='ocrx_word' id='word_1_114' title='bbox 952 1999 1069 2071; x_wconf 89' lang='lat' dir='ltr'><strong>millia</strong></span> <span class='ocrx_word' id='word_1_115' title='bbox 1087 2011 1337 2095; x_wconf 83' lang='lat' dir='ltr'><strong>pugnatorum</strong></span> <span class='ocrx_word' id='word_1_116' title='bbox 1356 2003 1543 2074; x_wconf 90' lang='lat' dir='ltr'><strong>numerati</strong></span> <span class='ocrx_word' id='word_1_117' title='bbox 1561 1999 1730 2090; x_wconf 89' lang='lat' dir='ltr'><strong>suerunt,</strong></span> <span class='ocrx_word' id='word_1_118' title='bbox 1751 1999 1955 2094; x_wconf 88' lang='lat' dir='ltr'><strong>dequibus</strong></span> <span class='ocrx_word' id='word_1_119' title='bbox 1978 2001 2052 2075; x_wconf 89' lang='lat' dir='ltr'><strong>duo</strong></span> 
     </span>
     <span class='ocr_line' id='line_1_16' title="bbox 699 2091 1902 2190; baseline 0.002 -26"><span class='ocrx_word' id='word_1_120' title='bbox 699 2097 863 2183; x_wconf 79' lang='lat' dir='ltr'><strong>tantum,</strong></span> <span class='ocrx_word' id='word_1_121' title='bbox 886 2091 996 2166; x_wconf 89' lang='lat' dir='ltr'><strong>Caleb</strong></span> <span class='ocrx_word' id='word_1_122' title='bbox 1019 2106 1055 2165; x_wconf 91' lang='lat' dir='ltr'><strong>et</strong></span> <span class='ocrx_word' id='word_1_123' title='bbox 1078 2095 1190 2168; x_wconf 85' lang='lat' dir='ltr'><strong>Josuc</strong></span> <span class='ocrx_word' id='word_1_124' title='bbox 1212 2098 1452 2170; x_wconf 86' lang='lat' dir='ltr'><strong>intraverunt</strong></span> <span class='ocrx_word' id='word_1_125' title='bbox 1473 2108 1611 2169; x_wconf 86' lang='lat' dir='ltr'><strong>terram</strong></span> <span class='ocrx_word' id='word_1_126' title='bbox 1636 2095 1902 2190; x_wconf 82' lang='lat' dir='ltr'><strong>promissionis.</strong></span> 
     </span>
    </p>

    <p class='ocr_par' dir='ltr' id='par_1_12' title="bbox 472 2187 2051 2288">
     <span class='ocr_line' id='line_1_17' title="bbox 472 2187 2051 2288; baseline 0 -24"><span class='ocrx_word' id='word_1_127' title='bbox 472 2255 474 2264; x_wconf 85' lang='lat'><strong>.</strong></span> <span class='ocrx_word' id='word_1_128' title='bbox 500 2223 525 2258; x_wconf 70' lang='grc' dir='ltr'><strong>α.</strong></span> <span class='ocrx_word' id='word_1_129' title='bbox 549 2211 611 2278; x_wconf 69' lang='lat' dir='ltr'><strong>aeg.</strong></span> <span class='ocrx_word' id='word_1_130' title='bbox 627 2209 667 2263; x_wconf 72' lang='grc' dir='ltr'><strong>ιε.</strong></span> <span class='ocrx_word' id='word_1_131' title='bbox 745 2188 878 2262; x_wconf 88' lang='lat' dir='ltr'><strong>Plures</strong></span> <span class='ocrx_word' id='word_1_132' title='bbox 895 2187 1051 2262; x_wconf 85' lang='lat' dir='ltr'><strong>fuerunt</strong></span> <span class='ocrx_word' id='word_1_133' title='bbox 1067 2215 1155 2264; x_wconf 90' lang='lat' dir='ltr'><strong>cum</strong></span> <span class='ocrx_word' id='word_1_134' title='bbox 1173 2192 1355 2282; x_wconf 77' lang='lat' dir='ltr'><strong>Absrlon,</strong></span> <span class='ocrx_word' id='word_1_135' title='bbox 1374 2215 1533 2286; x_wconf 86' lang='lat' dir='ltr'><strong>regnum</strong></span> <span class='ocrx_word' id='word_1_136' title='bbox 1554 2192 1670 2287; x_wconf 85' lang='lat' dir='ltr'><strong>patris</strong></span> <span class='ocrx_word' id='word_1_137' title='bbox 1693 2215 1873 2286; x_wconf 87' lang='lat' dir='ltr'><strong>usurpare</strong></span> <span class='ocrx_word' id='word_1_138' title='bbox 1892 2195 2051 2288; x_wconf 78' lang='lat' dir='ltr'><strong>nitente,</strong></span> 
     </span>
    </p>

    <p class='ocr_par' dir='ltr' id='par_1_13' title="bbox 403 2285 1573 2382">
     <span class='ocr_line' id='line_1_18' title="bbox 403 2285 1573 2382; baseline 0.002 -28"><span class='ocrx_word' id='word_1_139' title='bbox 403 2291 407 2300; x_wconf 75' lang='grc'><em>’</em></span> <span class='ocrx_word' id='word_1_140' title='bbox 697 2310 811 2380; x_wconf 85' lang='lat' dir='ltr'><strong>quam</strong></span> <span class='ocrx_word' id='word_1_141' title='bbox 839 2309 925 2360; x_wconf 91' lang='lat' dir='ltr'><strong>cum</strong></span> <span class='ocrx_word' id='word_1_142' title='bbox 946 2285 1068 2358; x_wconf 89' lang='lat' dir='ltr'><strong>David</strong></span> <span class='ocrx_word' id='word_1_143' title='bbox 1090 2288 1184 2360; x_wconf 88' lang='lat' dir='ltr'><strong>bene</strong></span> <span class='ocrx_word' id='word_1_144' title='bbox 1205 2299 1242 2359; x_wconf 85' lang='lat' dir='ltr'><strong>et</strong></span> <span class='ocrx_word' id='word_1_145' title='bbox 1264 2289 1363 2382; x_wconf 84' lang='lat' dir='ltr'><strong>juste</strong></span> <span class='ocrx_word' id='word_1_146' title='bbox 1385 2299 1573 2382; x_wconf 85' lang='lat' dir='ltr'><strong>regnante.</strong></span> 
     </span>
    </p>

    <p class='ocr_par' dir='ltr' id='par_1_14' title="bbox 499 2381 2047 2670">
     <span class='ocr_line' id='line_1_19' title="bbox 499 2381 2046 2478; baseline 0.011 -34"><span class='ocrx_word' id='word_1_147' title='bbox 499 2394 524 2444; x_wconf 82' lang='lat'><strong>3.</strong></span> <span class='ocrx_word' id='word_1_148' title='bbox 537 2393 600 2463; x_wconf 72' lang='lat' dir='ltr'><strong>aeg.</strong></span> <span class='ocrx_word' id='word_1_149' title='bbox 621 2412 666 2460; x_wconf 72' lang='lat' dir='ltr'><strong>n,</strong></span> <span class='ocrx_word' id='word_1_150' title='bbox 746 2384 865 2476; x_wconf 89' lang='lat' dir='ltr'><strong>Major</strong></span> <span class='ocrx_word' id='word_1_151' title='bbox 887 2407 969 2476; x_wconf 90' lang='lat' dir='ltr'><strong>pars</strong></span> <span class='ocrx_word' id='word_1_152' title='bbox 991 2381 1156 2455; x_wconf 87' lang='lat' dir='ltr'><strong>filiorum</strong></span> <span class='ocrx_word' id='word_1_153' title='bbox 1177 2384 1290 2454; x_wconf 81' lang='lat' dir='ltr'><strong>lsra‘el</strong></span> <span class='ocrx_word' id='word_1_154' title='bbox 1308 2383 1382 2456; x_wconf 89' lang='lat' dir='ltr'><strong>fuit</strong></span> <span class='ocrx_word' id='word_1_155' title='bbox 1403 2383 1445 2454; x_wconf 87' lang='lat' dir='ltr'><strong>in</strong></span> <span class='ocrx_word' id='word_1_156' title='bbox 1466 2383 1792 2478; x_wconf 82' lang='lat' dir='ltr'><strong>regnoSamariae,</strong></span> <span class='ocrx_word' id='word_1_157' title='bbox 1814 2384 1901 2478; x_wconf 87' lang='lat' dir='ltr'><strong>quia</strong></span> <span class='ocrx_word' id='word_1_158' title='bbox 1921 2384 2046 2462; x_wconf 86' lang='lat' dir='ltr'><strong>decem</strong></span> 
     </span>
     <span class='ocr_line' id='line_1_20' title="bbox 695 2477 2047 2578; baseline 0.006 -32"><span class='ocrx_word' id='word_1_159' title='bbox 695 2478 835 2565; x_wconf 86' lang='lat' dir='ltr'><strong>tribus,</strong></span> <span class='ocrx_word' id='word_1_160' title='bbox 856 2477 922 2550; x_wconf 89' lang='lat' dir='ltr'><strong>ubi</strong></span> <span class='ocrx_word' id='word_1_161' title='bbox 939 2487 1046 2548; x_wconf 88' lang='lat' dir='ltr'><strong>erant</strong></span> <span class='ocrx_word' id='word_1_162' title='bbox 1061 2477 1233 2550; x_wconf 87' lang='lat' dir='ltr'><strong>homines</strong></span> <span class='ocrx_word' id='word_1_163' title='bbox 1262 2477 1381 2551; x_wconf 88' lang='lat' dir='ltr'><strong>multo</strong></span> <span class='ocrx_word' id='word_1_164' title='bbox 1399 2481 1562 2569; x_wconf 88' lang='lat' dir='ltr'><strong>pejores;</strong></span> <span class='ocrx_word' id='word_1_165' title='bbox 1584 2478 1851 2550; x_wconf 84' lang='lat' dir='ltr'><strong>minorantem</strong></span> <span class='ocrx_word' id='word_1_166' title='bbox 1872 2479 1915 2550; x_wconf 92' lang='lat' dir='ltr'><strong>in</strong></span> <span class='ocrx_word' id='word_1_167' title='bbox 1932 2507 2047 2578; x_wconf 81' lang='lat' dir='ltr'><strong>reguo</strong></span> 
     </span>
     <span class='ocr_line' id='line_1_21' title="bbox 695 2567 2020 2670; baseline -0.002 -32"><span class='ocrx_word' id='word_1_168' title='bbox 695 2570 919 2654; x_wconf 85' lang='lat' dir='ltr'><strong>Jerusalem,</strong></span> <span class='ocrx_word' id='word_1_169' title='bbox 947 2573 1036 2660; x_wconf 85' lang='lat' dir='ltr'><strong>quia</strong></span> <span class='ocrx_word' id='word_1_170' title='bbox 1058 2570 1142 2637; x_wconf 74' lang='lat' dir='ltr'><strong>duaa</strong></span> <span class='ocrx_word' id='word_1_171' title='bbox 1164 2573 1313 2640; x_wconf 82' lang='lat' dir='ltr'><strong>tantum</strong></span> <span class='ocrx_word' id='word_1_172' title='bbox 1337 2567 1468 2642; x_wconf 89' lang='lat' dir='ltr'><strong>tribus.</strong></span> <span class='ocrx_word' id='word_1_173' title='bbox 1832 2659 1837 2670; x_wconf 32' lang='grc' dir='ltr'>Ι</span> <span class='ocrx_word' id='word_1_174' title='bbox 2015 2616 2020 2636; x_wconf 88' lang='grc'><strong>.</strong></span> 
     </span>
    </p>

    <p class='ocr_par' dir='ltr' id='par_1_15' title="bbox 496 2660 2042 2943">
     <span class='ocr_line' id='line_1_22' title="bbox 496 2660 2027 2765; baseline 0.011 -38"><span class='ocrx_word' id='word_1_175' title='bbox 496 2678 521 2731; x_wconf 85' lang='lat' dir='ltr'><strong>s.</strong></span> <span class='ocrx_word' id='word_1_176' title='bbox 538 2680 600 2746; x_wconf 62' lang='lat' dir='ltr'><strong>neg.</strong></span> <span class='ocrx_word' id='word_1_177' title='bbox 616 2693 657 2728; x_wconf 82' lang='lat'><strong>20.</strong></span> <span class='ocrx_word' id='word_1_178' title='bbox 744 2660 887 2730; x_wconf 87' lang='lat' dir='ltr'><strong>Tantus</strong></span> <span class='ocrx_word' id='word_1_179' title='bbox 910 2671 988 2731; x_wconf 87' lang='lat' dir='ltr'><strong>erat</strong></span> <span class='ocrx_word' id='word_1_180' title='bbox 1010 2684 1191 2734; x_wconf 87' lang='lat' dir='ltr'><strong>numerus</strong></span> <span class='ocrx_word' id='word_1_181' title='bbox 1219 2663 1439 2758; x_wconf 86' lang='lat' dir='ltr'><strong>bellatorum</strong></span> <span class='ocrx_word' id='word_1_182' title='bbox 1458 2669 1554 2759; x_wconf 80' lang='lat' dir='ltr'><strong>regis</strong></span> <span class='ocrx_word' id='word_1_183' title='bbox 1570 2669 1707 2765; x_wconf 77' lang='lat' dir='ltr'><strong>Syriae,</strong></span> <span class='ocrx_word' id='word_1_184' title='bbox 1722 2670 1818 2765; x_wconf 36' lang='lat' dir='ltr'><strong>,quia</strong></span> <span class='ocrx_word' id='word_1_185' title='bbox 1830 2673 2027 2764; x_wconf 84' lang='lat' dir='ltr'><strong>pugnaban</strong></span> 
     </span>
     <span class='ocr_line' id='line_1_23' title="bbox 696 2753 2042 2857; baseline 0.012 -35"><span class='ocrx_word' id='word_1_186' title='bbox 696 2768 826 2826; x_wconf 89' lang='lat' dir='ltr'><strong>contra</strong></span> <span class='ocrx_word' id='word_1_187' title='bbox 843 2753 980 2846; x_wconf 69' lang='lat' dir='ltr'><strong>Israel,</strong></span> <span class='ocrx_word' id='word_1_188' title='bbox 993 2754 1094 2850; x_wconf 92' lang='lat' dir='ltr'><strong>quod</strong></span> <span class='ocrx_word' id='word_1_189' title='bbox 1111 2755 1256 2831; x_wconf 89' lang='lat' dir='ltr'><strong>dicebat</strong></span> <span class='ocrx_word' id='word_1_190' title='bbox 1277 2761 1355 2854; x_wconf 88' lang='lat' dir='ltr'><strong>ipse</strong></span> <span class='ocrx_word' id='word_1_191' title='bbox 1376 2757 1463 2852; x_wconf 77' lang='lat' dir='ltr'><strong>rex,</strong></span> <span class='ocrx_word' id='word_1_192' title='bbox 1474 2762 1665 2857; x_wconf 89' lang='lat' dir='ltr'><strong>pulverem</strong></span> <span class='ocrx_word' id='word_1_193' title='bbox 1686 2765 1854 2836; x_wconf 85' lang='lat' dir='ltr'><strong>Samariae</strong></span> <span class='ocrx_word' id='word_1_194' title='bbox 1870 2788 1948 2837; x_wconf 91' lang='lat' dir='ltr'><strong>non</strong></span> <span class='ocrx_word' id='word_1_195' title='bbox 1965 2765 2042 2840; x_wconf 80' lang='lat' dir='ltr'><strong>sus·</strong></span> 
     </span>
     <span class='ocr_line' id='line_1_24' title="bbox 692 2847 1664 2943; baseline 0.005 -25"><span class='ocrx_word' id='word_1_196' title='bbox 692 2847 802 2920; x_wconf 89' lang='lat' dir='ltr'><strong>ficere</strong></span> <span class='ocrx_word' id='word_1_197' title='bbox 822 2850 971 2943; x_wconf 82' lang='lat' dir='ltr'><strong>pugillis</strong></span> <span class='ocrx_word' id='word_1_198' title='bbox 993 2876 1133 2920; x_wconf 90' lang='lat' dir='ltr'><strong>corum.</strong></span> <span class='ocrx_word' id='word_1_199' title='bbox 1660 2863 1664 2870; x_wconf 87' lang='lat'>&#39;</span> 
     </span>
    </p>

    <p class='ocr_par' dir='ltr' id='par_1_16' title="bbox 492 2942 2040 3130">
     <span class='ocr_line' id='line_1_25' title="bbox 492 2942 2040 3053; baseline 0.008 -35"><span class='ocrx_word' id='word_1_200' title='bbox 492 2965 597 3024; x_wconf 66' lang='lat' dir='ltr'><strong>routh.</strong></span> <span class='ocrx_word' id='word_1_201' title='bbox 622 2982 647 3018; x_wconf 80' lang='lat'><strong>2.</strong></span> <span class='ocrx_word' id='word_1_202' title='bbox 742 2943 788 3030; x_wconf 77' lang='lat' dir='ltr'><strong>In</strong></span> <span class='ocrx_word' id='word_1_203' title='bbox 812 2945 980 3014; x_wconf 77' lang='lat' dir='ltr'><strong>exercitu</strong></span> <span class='ocrx_word' id='word_1_204' title='bbox 998 2942 1209 3032; x_wconf 84' lang='lat' dir='ltr'><strong>Holofernis</strong></span> <span class='ocrx_word' id='word_1_205' title='bbox 1232 2959 1359 3021; x_wconf 90' lang='lat' dir='ltr'><strong>tantus</strong></span> <span class='ocrx_word' id='word_1_206' title='bbox 1382 2962 1461 3023; x_wconf 86' lang='lat' dir='ltr'><strong>erat</strong></span> <span class='ocrx_word' id='word_1_207' title='bbox 1482 2979 1663 3028; x_wconf 86' lang='lat' dir='ltr'><strong>numerus</strong></span> <span class='ocrx_word' id='word_1_208' title='bbox 1687 2953 1918 3050; x_wconf 88' lang='lat' dir='ltr'><strong>bellatorum,</strong></span> <span class='ocrx_word' id='word_1_209' title='bbox 1936 2957 2040 3053; x_wconf 89' lang='lat' dir='ltr'><strong>quod</strong></span> 
     </span>
     <span class='ocr_line' id='line_1_26' title="bbox 693 3035 1966 3130; baseline 0.019 -26"><span class='ocrx_word' id='word_1_210' title='bbox 693 3049 965 3130; x_wconf 90' lang='lat' dir='ltr'><strong>cooperuerunt</strong></span> <span class='ocrx_word' id='word_1_211' title='bbox 990 3035 1122 3110; x_wconf 87' lang='lat' dir='ltr'><strong>faciem</strong></span> <span class='ocrx_word' id='word_1_212' title='bbox 1145 3053 1253 3114; x_wconf 67' lang='lat' dir='ltr'><strong>terrae</strong></span> <span class='ocrx_word' id='word_1_213' title='bbox 1280 3043 1376 3118; x_wconf 90' lang='lat' dir='ltr'><strong>sicut</strong></span> <span class='ocrx_word' id='word_1_214' title='bbox 1399 3046 1562 3120; x_wconf 87' lang='lat' dir='ltr'><strong>locustae.</strong></span> <span class='ocrx_word' id='word_1_215' title='bbox 1963 3061 1966 3065; x_wconf 76' lang='grc'><strong>’</strong></span> 
     </span>
    </p>

    <p class='ocr_par' dir='ltr' id='par_1_17' title="bbox 490 3132 2044 3327">
     <span class='ocr_line' id='line_1_27' title="bbox 490 3132 2044 3245; baseline 0.013 -43"><span class='ocrx_word' id='word_1_216' title='bbox 490 3166 587 3218; x_wconf 64' lang='lat' dir='ltr'><strong>terena</strong></span> <span class='ocrx_word' id='word_1_217' title='bbox 610 3164 653 3233; x_wconf 70' lang='lat'><strong>44,</strong></span> <span class='ocrx_word' id='word_1_218' title='bbox 740 3133 872 3204; x_wconf 89' lang='lat' dir='ltr'><strong>Omnis</strong></span> <span class='ocrx_word' id='word_1_219' title='bbox 887 3132 1046 3228; x_wconf 91' lang='lat' dir='ltr'><strong>populus</strong></span> <span class='ocrx_word' id='word_1_220' title='bbox 1065 3133 1317 3211; x_wconf 86' lang='lat' dir='ltr'><strong>habitantium</strong></span> <span class='ocrx_word' id='word_1_221' title='bbox 1336 3141 1492 3215; x_wconf 87' lang='lat' dir='ltr'><strong>interra</strong></span> <span class='ocrx_word' id='word_1_222' title='bbox 1510 3147 1679 3243; x_wconf 83' lang='lat' dir='ltr'><strong>AEgypti,</strong></span> <span class='ocrx_word' id='word_1_223' title='bbox 1695 3158 1732 3218; x_wconf 88' lang='lat' dir='ltr'><strong>et</strong></span> <span class='ocrx_word' id='word_1_224' title='bbox 1746 3147 1937 3241; x_wconf 86' lang='lat' dir='ltr'><strong>mulieres,</strong></span> <span class='ocrx_word' id='word_1_225' title='bbox 1954 3173 2044 3245; x_wconf 87' lang='lat' dir='ltr'><strong>qua-</strong></span> 
     </span>
     <span class='ocr_line' id='line_1_28' title="bbox 687 3228 1856 3327; baseline 0.015 -31"><span class='ocrx_word' id='word_1_226' title='bbox 687 3250 777 3298; x_wconf 91' lang='lat' dir='ltr'><strong>rum</strong></span> <span class='ocrx_word' id='word_1_227' title='bbox 799 3229 920 3300; x_wconf 84' lang='lat' dir='ltr'><strong>stabat</strong></span> <span class='ocrx_word' id='word_1_228' title='bbox 942 3228 1144 3303; x_wconf 91' lang='lat' dir='ltr'><strong>multitudo</strong></span> <span class='ocrx_word' id='word_1_229' title='bbox 1173 3233 1339 3327; x_wconf 87' lang='lat' dir='ltr'><strong>grandis,</strong></span> <span class='ocrx_word' id='word_1_230' title='bbox 1364 3237 1593 3313; x_wconf 83' lang='lat' dir='ltr'><strong>sacrificabat</strong></span> <span class='ocrx_word' id='word_1_231' title='bbox 1615 3241 1687 3314; x_wconf 88' lang='lat' dir='ltr'><strong>diis</strong></span> <span class='ocrx_word' id='word_1_232' title='bbox 1715 3242 1856 3315; x_wconf 85' lang='lat' dir='ltr'><strong>alienis.</strong></span> 
     </span>
    </p>

    <p class='ocr_par' dir='ltr' id='par_1_18' title="bbox 489 3321 2037 3528">
     <span class='ocr_line' id='line_1_29' title="bbox 489 3321 2037 3434; baseline 0.014 -44"><span class='ocrx_word' id='word_1_233' title='bbox 489 3356 513 3390; x_wconf 84' lang='grc' dir='ltr'><strong>ι.</strong></span> <span class='ocrx_word' id='word_1_234' title='bbox 531 3339 655 3409; x_wconf 54' lang='lat' dir='ltr'><strong>uacua</strong></span> <span class='ocrx_word' id='word_1_235' title='bbox 737 3321 821 3395; x_wconf 91' lang='lat' dir='ltr'><strong>Non</strong></span> <span class='ocrx_word' id='word_1_236' title='bbox 836 3336 1096 3396; x_wconf 87' lang='lat' dir='ltr'><strong>remanserunt</strong></span> <span class='ocrx_word' id='word_1_237' title='bbox 1121 3350 1207 3398; x_wconf 90' lang='lat' dir='ltr'><strong>cum</strong></span> <span class='ocrx_word' id='word_1_238' title='bbox 1226 3327 1248 3398; x_wconf 88' lang='lat' dir='ltr'><strong>J</strong></span> <span class='ocrx_word' id='word_1_239' title='bbox 1251 3326 1324 3400; x_wconf 90' lang='lat' dir='ltr'><strong>uda</strong></span> <span class='ocrx_word' id='word_1_240' title='bbox 1340 3329 1550 3408; x_wconf 84' lang='lat' dir='ltr'><strong>Machabaeo</strong></span> <span class='ocrx_word' id='word_1_241' title='bbox 1576 3338 1650 3408; x_wconf 89' lang='lat' dir='ltr'><strong>nisi</strong></span> <span class='ocrx_word' id='word_1_242' title='bbox 1669 3338 1871 3434; x_wconf 86' lang='lat' dir='ltr'><strong>octingenti</strong></span> <span class='ocrx_word' id='word_1_243' title='bbox 1890 3339 1975 3430; x_wconf 84' lang='lat' dir='ltr'><strong>viri,</strong></span> <span class='ocrx_word' id='word_1_244' title='bbox 1998 3351 2037 3413; x_wconf 89' lang='lat' dir='ltr'><strong>et</strong></span> 
     </span>
     <span class='ocr_line' id='line_1_30' title="bbox 687 3419 2034 3528; baseline 0.016 -40"><span class='ocrx_word' id='word_1_245' title='bbox 687 3430 793 3490; x_wconf 87' lang='lat' dir='ltr'><strong>erant</strong></span> <span class='ocrx_word' id='word_1_246' title='bbox 813 3419 854 3490; x_wconf 89' lang='lat' dir='ltr'><strong>in</strong></span> <span class='ocrx_word' id='word_1_247' title='bbox 876 3419 1048 3492; x_wconf 83' lang='lat' dir='ltr'><strong>exercitu</strong></span> <span class='ocrx_word' id='word_1_248' title='bbox 1068 3419 1241 3494; x_wconf 86' lang='lat' dir='ltr'><strong>Bacbidis</strong></span> <span class='ocrx_word' id='word_1_249' title='bbox 1265 3434 1302 3496; x_wconf 86' lang='lat' dir='ltr'><strong>et</strong></span> <span class='ocrx_word' id='word_1_250' title='bbox 1322 3425 1456 3500; x_wconf 84' lang='lat' dir='ltr'><strong>Alcimi</strong></span> <span class='ocrx_word' id='word_1_251' title='bbox 1477 3431 1675 3524; x_wconf 88' lang='lat' dir='ltr'><strong>proditoris</strong></span> <span class='ocrx_word' id='word_1_252' title='bbox 1699 3457 1827 3524; x_wconf 83' lang='lat' dir='ltr'><strong>20,ooo</strong></span> <span class='ocrx_word' id='word_1_253' title='bbox 1848 3434 2034 3528; x_wconf 87' lang='lat' dir='ltr'><strong>virorum,</strong></span> 
     </span>
    </p>

    <p class='ocr_par' dir='ltr' id='par_1_19' title="bbox 484 3512 2040 3991">
     <span class='ocr_line' id='line_1_31' title="bbox 641 3512 1499 3609; baseline 0.008 -27"><span class='ocrx_word' id='word_1_254' title='bbox 641 3519 644 3526; x_wconf 85' lang='grc'><strong>’</strong></span> <span class='ocrx_word' id='word_1_255' title='bbox 686 3512 817 3586; x_wconf 67' lang='lat' dir='ltr'><strong>et&#39;duo</strong></span> <span class='ocrx_word' id='word_1_256' title='bbox 838 3513 955 3587; x_wconf 87' lang='lat' dir='ltr'><strong>millia</strong></span> <span class='ocrx_word' id='word_1_257' title='bbox 979 3515 1160 3609; x_wconf 88' lang='lat' dir='ltr'><strong>equitum.</strong></span> <span class='ocrx_word' id='word_1_258' title='bbox 1497 3538 1499 3547; x_wconf 86' lang='grc'><strong>’</strong></span> 
     </span>
     <span class='ocr_line' id='line_1_32' title="bbox 484 3608 2039 3720; baseline 0.012 -41"><span class='ocrx_word' id='word_1_259' title='bbox 484 3614 561 3666; x_wconf 69' lang='lat' dir='ltr'><strong>roan.</strong></span> <span class='ocrx_word' id='word_1_260' title='bbox 583 3615 623 3666; x_wconf 81' lang='lat'><strong>¹8·</strong></span> <span class='ocrx_word' id='word_1_261' title='bbox 734 3608 829 3682; x_wconf 90' lang='lat' dir='ltr'><strong>Cum</strong></span> <span class='ocrx_word' id='word_1_262' title='bbox 851 3609 946 3682; x_wconf 87' lang='lat' dir='ltr'><strong>es&#39;set</strong></span> <span class='ocrx_word' id='word_1_263' title='bbox 971 3609 1014 3681; x_wconf 89' lang='lat' dir='ltr'><strong>in</strong></span> <span class='ocrx_word' id='word_1_264' title='bbox 1040 3609 1244 3685; x_wconf 85' lang='lat' dir='ltr'><strong>Jerusalem</strong></span> <span class='ocrx_word' id='word_1_265' title='bbox 1256 3626 1419 3712; x_wconf 90' lang='lat' dir='ltr'><strong>tempore</strong></span> <span class='ocrx_word' id='word_1_266' title='bbox 1444 3619 1628 3715; x_wconf 82' lang='lat' dir='ltr'><strong>paschali,</strong></span> <span class='ocrx_word' id='word_1_267' title='bbox 1654 3649 1730 3719; x_wconf 93' lang='lat' dir='ltr'><strong>quo</strong></span> <span class='ocrx_word' id='word_1_268' title='bbox 1749 3649 1881 3720; x_wconf 85' lang='lat' dir='ltr'><strong>passus</strong></span> <span class='ocrx_word' id='word_1_269' title='bbox 1897 3636 1953 3698; x_wconf 86' lang='lat' dir='ltr'><strong>cst</strong></span> <span class='ocrx_word' id='word_1_270' title='bbox 1967 3626 2039 3698; x_wconf 61' lang='lat' dir='ltr'><strong>Dee</strong></span> 
     </span>
     <span class='ocr_line' id='line_1_33' title="bbox 565 3704 2037 3814; baseline 0.012 -39"><span class='ocrx_word' id='word_1_271' title='bbox 565 3771 571 3781; x_wconf 80' lang='grc'><strong><em>,</em></strong></span> <span class='ocrx_word' id='word_1_272' title='bbox 646 3741 652 3750; x_wconf 88' lang='lat'><em>·</em></span> <span class='ocrx_word' id='word_1_273' title='bbox 683 3704 827 3795; x_wconf 85' lang='lat' dir='ltr'><strong>minus,</strong></span> <span class='ocrx_word' id='word_1_274' title='bbox 847 3705 1013 3778; x_wconf 84' lang='lat' dir='ltr'><strong>maxima</strong></span> <span class='ocrx_word' id='word_1_275' title='bbox 1034 3706 1163 3800; x_wconf 88' lang='lat' dir='ltr'><strong>populi</strong></span> <span class='ocrx_word' id='word_1_276' title='bbox 1191 3710 1411 3804; x_wconf 90' lang='lat' dir='ltr'><strong>multitudo,</strong></span> <span class='ocrx_word' id='word_1_277' title='bbox 1427 3734 1505 3786; x_wconf 91' lang='lat' dir='ltr'><strong>non</strong></span> <span class='ocrx_word' id='word_1_278' title='bbox 1533 3728 1588 3788; x_wconf 89' lang='lat' dir='ltr'><strong>est</strong></span> <span class='ocrx_word' id='word_1_279' title='bbox 1616 3719 1796 3792; x_wconf 86' lang='lat' dir='ltr'><strong>inventus</strong></span> <span class='ocrx_word' id='word_1_280' title='bbox 1815 3722 1890 3810; x_wconf 90' lang='lat' dir='ltr'><strong>vir,</strong></span> <span class='ocrx_word' id='word_1_281' title='bbox 1913 3720 2037 3814; x_wconf 88' lang='lat' dir='ltr'><strong>quise</strong></span> 
     </span>
     <span class='ocr_line' id='line_1_34' title="bbox 666 3799 2040 3904; baseline 0.015 -36"><span class='ocrx_word' id='word_1_282' title='bbox 666 3810 883 3892; x_wconf 61' lang='lat' dir='ltr'><strong>⁸opponeret</strong></span> <span class='ocrx_word' id='word_1_283' title='bbox 904 3799 1099 3872; x_wconf 78' lang='lat' dir='ltr'><strong>manifeste</strong></span> <span class='ocrx_word' id='word_1_284' title='bbox 1116 3804 1319 3875; x_wconf 88' lang='lat' dir='ltr'><strong>mortitam</strong></span> <span class='ocrx_word' id='word_1_285' title='bbox 1337 3808 1511 3900; x_wconf 88' lang='lat' dir='ltr'><strong>nequiter</strong></span> <span class='ocrx_word' id='word_1_286' title='bbox 1532 3825 1748 3904; x_wconf 77' lang='lat' dir='ltr'><strong>procuratae.</strong></span> <span class='ocrx_word' id='word_1_287' title='bbox 1769 3814 2040 3890; x_wconf 77' lang='lat' dir='ltr'><strong>Clamaverunt</strong></span> 
     </span>
     <span class='ocr_line' id='line_1_35' title="bbox 683 3893 1709 3991; baseline 0.017 -28"><span class='ocrx_word' id='word_1_288' title='bbox 683 3893 784 3980; x_wconf 84' lang='lat' dir='ltr'><strong>enim</strong></span> <span class='ocrx_word' id='word_1_289' title='bbox 815 3919 969 3966; x_wconf 89' lang='lat' dir='ltr'><strong>omnes:</strong></span> <span class='ocrx_word' id='word_1_290' title='bbox 993 3894 1077 3990; x_wconf 83' lang='lat' dir='ltr'><strong>Non</strong></span> <span class='ocrx_word' id='word_1_291' title='bbox 1099 3893 1202 3968; x_wconf 89' lang='lat' dir='ltr'><strong>bunc</strong></span> <span class='ocrx_word' id='word_1_292' title='bbox 1227 3898 1390 3991; x_wconf 84' lang='lat' dir='ltr'><strong>dimitte,</strong></span> <span class='ocrx_word' id='word_1_293' title='bbox 1415 3899 1478 3972; x_wconf 89' lang='lat' dir='ltr'><strong>sed</strong></span> <span class='ocrx_word' id='word_1_294' title='bbox 1499 3903 1709 3979; x_wconf 85' lang='lat' dir='ltr'><strong>Barrabam.</strong></span> 
     </span>
    </p>

    <p class='ocr_par' dir='ltr' id='par_1_20' title="bbox 481 3985 2040 4273">
     <span class='ocr_line' id='line_1_36' title="bbox 481 3985 2040 4100; baseline 0.014 -43"><span class='ocrx_word' id='word_1_295' title='bbox 481 3991 573 4070; x_wconf 72' lang='lat' dir='ltr'><strong>Actor.</strong></span> <span class='ocrx_word' id='word_1_296' title='bbox 597 3989 638 4043; x_wconf 80' lang='lat'><strong>28·</strong></span> <span class='ocrx_word' id='word_1_297' title='bbox 730 3987 891 4078; x_wconf 88' lang='lat' dir='ltr'><strong>Quidam</strong></span> <span class='ocrx_word' id='word_1_298' title='bbox 914 3985 1050 4080; x_wconf 87' lang='lat' dir='ltr'><strong>Judaei,</strong></span> <span class='ocrx_word' id='word_1_299' title='bbox 1076 4016 1170 4085; x_wconf 91' lang='lat' dir='ltr'><strong>quos</strong></span> <span class='ocrx_word' id='word_1_300' title='bbox 1193 3993 1340 4066; x_wconf 88' lang='lat' dir='ltr'><strong>invenit</strong></span> <span class='ocrx_word' id='word_1_301' title='bbox 1359 3994 1497 4074; x_wconf 87' lang='lat' dir='ltr'><strong>Paulus</strong></span> <span class='ocrx_word' id='word_1_302' title='bbox 1517 3999 1642 4073; x_wconf 85' lang='lat' dir='ltr'><strong>Romae</strong></span> <span class='ocrx_word' id='word_1_303' title='bbox 1660 4003 1702 4074; x_wconf 89' lang='lat' dir='ltr'><strong>in</strong></span> <span class='ocrx_word' id='word_1_304' title='bbox 1723 4007 1846 4100; x_wconf 85' lang='lat' dir='ltr'><strong>primo</strong></span> <span class='ocrx_word' id='word_1_305' title='bbox 1867 4003 2040 4079; x_wconf 77' lang='lat' dir='ltr'><strong>adventu</strong></span> 
     </span>
     <span class='ocr_line' id='line_1_37' title="bbox 681 4081 2031 4190; baseline 0.013 -36"><span class='ocrx_word' id='word_1_306' title='bbox 681 4107 764 4174; x_wconf 87' lang='lat' dir='ltr'><strong>suo,</strong></span> <span class='ocrx_word' id='word_1_307' title='bbox 787 4081 967 4154; x_wconf 85' lang='lat' dir='ltr'><strong>dixerunt</strong></span> <span class='ocrx_word' id='word_1_308' title='bbox 985 4082 1039 4153; x_wconf 87' lang='lat' dir='ltr'><strong>ei:</strong></span> <span class='ocrx_word' id='word_1_309' title='bbox 1058 4084 1114 4156; x_wconf 89' lang='lat' dir='ltr'><strong>De</strong></span> <span class='ocrx_word' id='word_1_310' title='bbox 1136 4098 1233 4160; x_wconf 88' lang='lat' dir='ltr'><strong>secta</strong></span> <span class='ocrx_word' id='word_1_311' title='bbox 1254 4087 1325 4160; x_wconf 87' lang='lat' dir='ltr'><strong>hac</strong></span> <span class='ocrx_word' id='word_1_312' title='bbox 1348 4088 1645 4174; x_wconf 83' lang='lat' dir='ltr'><strong>Christianorum</strong></span> <span class='ocrx_word' id='word_1_313' title='bbox 1666 4113 1800 4175; x_wconf 89' lang='lat' dir='ltr'><strong>notum</strong></span> <span class='ocrx_word' id='word_1_314' title='bbox 1823 4114 1879 4174; x_wconf 89' lang='lat' dir='ltr'><strong>est</strong></span> <span class='ocrx_word' id='word_1_315' title='bbox 1906 4101 2031 4190; x_wconf 87' lang='lat' dir='ltr'><strong>nobis,</strong></span> 
     </span>
     <span class='ocr_line' id='line_1_38' title="bbox 681 4175 1314 4273; baseline 0.014 -25"><span class='ocrx_word' id='word_1_316' title='bbox 681 4175 781 4273; x_wconf 93' lang='lat' dir='ltr'><strong>quod</strong></span> <span class='ocrx_word' id='word_1_317' title='bbox 808 4177 949 4272; x_wconf 86' lang='lat' dir='ltr'><strong>ubique</strong></span> <span class='ocrx_word' id='word_1_318' title='bbox 977 4177 1011 4250; x_wconf 92' lang='lat' dir='ltr'><strong>ei</strong></span> <span class='ocrx_word' id='word_1_319' title='bbox 1038 4179 1314 4258; x_wconf 88' lang='lat' dir='ltr'><strong>contradicitur.</strong></span> 
     </span>
    </p>
   </div>
   <div class='ocr_carea' id='block_1_7' title="bbox 0 0 2252 5462">
    <p class='ocr_par' dir='ltr' id='par_1_21' title="bbox 0 0 2252 5462">
     <span class='ocr_line' id='line_1_39' title="bbox 0 0 2252 5462; baseline 0 16"><span class='ocrx_word' id='word_1_320' title='bbox 0 0 2252 5462; x_wconf 95' lang='lat' dir='ltr'><strong> </strong></span> 
     </span>
    </p>
   </div>
  </div>
 </body>
</html>
