4498 5462
440 428 705 524 TITULUS
753 435 836 524 CII.
879 436 1002 526 Mors
1046 443 1091 523 in
1141 467 1310 556 genere.
1474 451 1575 554 ¹91⁴*
1651 427 1654 434 ’

246 658 371 730 Etiam
411 659 500 731 mali
531 673 662 754 optant
693 663 788 736 bene
813 663 922 737 mori.
952 664 1137 738 Moriatur
1167 665 1292 738 anima
1322 685 1406 736 mea
1434 672 1553 736 morte
1571 673 1652 730 Num·
1673 671 1716 727 ar.

198 752 386 846 justorum
399 809 409 846 ,
424 753 524 828 dixit
546 757 706 830 Balaam.
1249 793 1254 801 ’
1735 775 1738 780 ’

248 848 431 936 Quamvis
458 856 607 949 Moyses
638 853 786 928 obedire
812 855 929 928 nollet
957 854 1114 950 imperio
1144 855 1321 944 Domini,
1339 856 1406 950 qui
1432 853 1556 927 voluit
1573 855 1653 930 rieut.
1672 873 1702 942 t-

200 965 288 1014 eum
309 946 469 1017 transire
487 946 710 1038 Jordanem,
726 961 852 1022 tamen
872 950 960 1021 satis
983 949 1155 1041 videtur,
1177 953 1267 1048 quia
1291 951 1451 1023 libenter
1471 949 1557 1044 plus

199 1035 386 1131 vixisset,
406 1041 438 1112 si
470 1042 655 1112 Dominus
687 1045 879 1118 voluisset.
910 1044 1021 1124 Unde
1049 1049 1259 1120 aitzlratus
1286 1058 1343 1117 est
1371 1045 1556 1117 Dominus

200 1145 332 1205 contra
355 1159 415 1206 me
434 1159 442 1203 :
460 1136 554 1206 Ecce
576 1138 715 1211 morior
735 1141 778 1211 in
800 1138 875 1210 haic
895 1137 1035 1232 humo,
1052 1166 1131 1214 non
1152 1143 1320 1215 transibo
1345 1139 1556 1224 Jordanem.

249 1232 385 1321 Magna
408 1253 495 1322 pars
517 1231 697 1303 mercedis
719 1236 920 1330 moysaicae
948 1234 1039 1329 legis
1060 1239 1102 1309 in
1122 1238 1233 1331 longa
1254 1239 1335 1311 vita
1356 1237 1655 1315 consisteremus
1676 1259 1722 1326 32,

200 1319 411 1392 videbatur.
436 1323 569 1396 Ponite
595 1326 706 1399 corda
731 1340 859 1402 vestra
888 1323 929 1400 in
958 1331 1084 1402 omnia
1113 1333 1251 1422 verba,
1279 1357 1364 1427 quae
1390 1355 1457 1426 ego
1482 1343 1559 1402 tes-

202 1413 325 1486 tificor
348 1417 479 1509 vobis,
499 1415 583 1514 quae
609 1420 787 1496 facientes
809 1425 921 1519 longo
939 1427 1183 1520 perseveretis
1199 1439 1364 1522 tempore
1385 1428 1427 1498 in
1442 1439 1558 1516 terra,

100 1601 104 1608 Ι
201 1507 248 1578 ad
275 1535 388 1604 quarn
410 1512 650 1608 ingredimini
668 1518 939 1612 possidendam.
1583 1525 1592 1548 ’

247 1603 461 1680 Maluerunt
487 1611 607 1692 Zebee¹
627 1624 664 1684 et
689 1615 863 1686 salmana
894 1613 1012 1687 occidi
1040 1643 1158 1692 manu
1183 1615 1367 1690 Gedeonis
1379 1671 1393 1710 ,
1412 1613 1559 1688 strenui
1575 1631 1661 1686 sume.
1682 1629 1711 1684 s.

199 1697 292 1790 viri,
307 1727 420 1797 quarn
447 1729 563 1778 manu
585 1706 716 1780 Jether
734 1711 893 1805 'juvenis
911 1711 981 1784 filii
1011 1715 1079 1784 sui.

245 1793 376 1870 Noluit
398 1799 520 1874 David
548 1801 636 1875 llere
657 1830 726 1899 pro
751 1803 830 1878 filio
852 1819 1024 1898 mortuo,
1053 1809 1121 1904 qui
1143 1807 1299 1882 fleverat
1325 1833 1368 1880 eo
1393 1803 1556 1879 infirmo.
1575 1822 1669 1887 anag.
1696 1829 1742 1870 ια.

248 1889 346 1960 Cum
364 1893 506 1966 sederet
519 1897 622 1970 Elias
637 1901 766 1972 subter
779 1927 896 1973 unam
914 1904 1149 1999 juniperum,
1167 1993 1168 1996 Ἴ
1190 1904 1300 1976 etivit
1317 1905 1453 1976 animae
1464 1925 1557 1994 suae,
1575 1925 1601 1975 s.
1615 1925 1678 1991 aeg.
1698 1937 1740 1988 ις.

200 1993 245 2056 ut
267 2001 492 2079 moreretur,
504 2001 540 2060 et
559 1994 630 2064 ait:
647 1993 790 2065 Sufficit
804 1995 900 2067 mihi
917 2000 1093 2089 Domine,
1112 1931 1199 2070 tolla
1218 2000 1380 2070 animam
1400 2023 1531 2069 meam.

248 2079 428 2172 Ezechias
444 2109 514 2156 rex
528 2084 552 2156 J
555 2087 628 2158 uda
642 2088 850 2163 ambulavit
871 2115 995 2163 coram
1012 2093 1174 2165 Domino
1190 2094 1232 2164 in
1247 2093 1420 2178 veritate,
1432 2104 1470 2162 et
1483 2089 1558 2162 fuit
1576 2103 1627 2152 1³²·
1650 2097 1698 2150 ³⁸·

200 2175 346 2268 bonus,
364 2188 492 2250 tamen
521 2181 672 2274 quando
697 2187 920 2258 nunciatum
947 2187 1068 2260 fuitei
1093 2205 1160 2282 per
1181 2188 1337 2277 Isaiam,
1351 2187 1440 2281 quia
1462 2184 1560 2257 mori

201 2265 373 2365 deberet,
387 2275 511 2349 oravit
535 2275 742 2350 Dominum
769 2277 862 2352 fletu
883 2305 1018 2375 magno
1030 2333 1042 2372 ,
1056 2294 1101 2354 ut
1128 2282 1252 2354 adhuc
1276 2283 1311 2352 ei
1338 2283 1459 2353 vitam
1477 2305 1560 2374 pro·

198 2363 379 2458 longaret.

251 2461 388 2536 Tobiae
423 2479 670 2562 provocatus,
692 2469 821 2544 audita
859 2473 1099 2570 responsione
1128 2472 1262 2546 uxoris
1299 2471 1504 2567 ingemuit,
1524 2479 1561 2541 et
1580 2487 1649 2542 rob.
1667 2486 1693 2540 3.

203 2559 316 2654 coepit
343 2587 448 2634 orare
475 2588 561 2636 cum
588 2562 791 2662 lacrymis,
816 2567 943 2640 dicens
961 2595 968 2638 :
988 2569 1010 2639 J
1014 2581 1120 2641 ustus
1148 2577 1186 2638 'es
1205 2569 1387 2656 Domine,
1404 2565 1561 2661 praecipe

199 2651 242 2724 in
264 2680 353 2749 pace
377 2659 491 2754 recipi
515 2660 683 2733 animam
709 2687 841 2734 meam.
860 2661 1026 2758 Expedit
1053 2665 1154 2736 eninr
1179 2661 1275 2734 mihi
1298 2662 1393 2733 mori
1421 2663 1560 2754 magis,

201 2775 315 2844 quam
337 2754 477 2828 vivere.
507 2757 685 2850 Sequitur
707 2759 741 2848 4.
767 2757 920 2852 Capite:
939 2759 1035 2832 Cum
1056 2769 1205 2856 putaret
1226 2755 1433 2832 orationem
1453 2778 1562 2829 suam

201 2848 395 2940 exaudiri,
415 2853 566 2926 vocavit
588 2850 711 2925 filium
740 2877 863 2924 suum.

250 2945 339 3016 Sara
359 2946 436 3018 filia
446 2948 617 3043 Raguelis
637 2949 786 3043 accepti
802 2949 848 3021 ab
864 2949 942 3023 und
954 2947 1175 3022 ancillarum
1193 2947 1300 3046 gravi
1317 2945 1562 3036 contumeliis,
1580 2955 1691 3010 Eodem·

204 3040 325 3109 oravit
338 3041 541 3114 Dominum
554 3045 728 3202 dixitpue
742 3045 842 3118 inter
853 3059 1000 3118 caetera:
1010 3047 1100 3119 Peto
1114 3048 1342 3136 Domine,ut
1352 3044 1398 3119 de
1409 3041 1565 3119 vinculo

204 3125 323 3219 hujus
343 3130 557 3224 improperii
572 3139 660 3204 abso
675 3163 759 3225 vas,
777 3153 843 3208 aut
863 3153 962 3211 certe
982 3141 1141 3232 desuper
1159 3153 1297 3212 terram
1313 3142 1446 3236 eripias
1469 3165 1540 3210 me.

256 3221 388 3293 Coram
408 3249 491 3318 rege
510 3225 658 3298 Sedecia
676 3231 881 3321 prostravit
895 3233 917 3298 J
919 3233 1073 3300 eremias
1094 3255 1220 3322 preces
1237 3257 1346 3322 suas,
1362 3260 1408 3304 ne
1426 3231 1567 3304 interfi-

206 3330 305 3391 ceret
330 3343 418 3392 eum
434 3345 444 3410 3
462 3331 499 3391 et
528 3321 676 3412 juberet
707 3319 837 3395 reduci
864 3349 952 3398 eum
983 3324 1026 3396 in
1058 3346 1264 3418 carcerem,
1283 3325 1326 3396 in
1356 3351 1439 3420 quov
1462 3327 1567 3418 prius
1584 3351 1680 3402 serem.
1703 3349 1736 3400 3..

206 3413 330 3487 suerat
344 3470 354 3507 ,
370 3441 418 3488 ne
448 3427 669 3487 moreretur.

256 3511 346 3583 Post
370 3523 528 3583 mortem
558 3510 824 3604 crucis,quam
846 3511 1018 3585 Salvator
1038 3511 1162 3588 voluit
1186 3514 1391 3600 sustinere,
1407 3504 1570 3583 ostendit

209 3605 408 3678 manifeste
419 3661 429 3698 ,
441 3603 541 3702 quod
554 3629 632 3677 non
644 3603 764 3676 solum
782 3605 895 3697 mori,
907 3605 970 3677 sed
986 3619 1023 3679 et
1039 3603 1290 3701 quodcunque
1308 3630 1424 3699 genus
1440 3605 1570 3674 mortis

211 3702 258 3774 ab
276 3701 563 3796 homine‘just0,
578 3727 647 3796 pro
658 3699 790 3774 divina
804 3700 1015 3773 obedientia
1030 3711 1200 3797 prompte
1212 3697 1361 3772 deberet
1383 3697 1571 3770 sustineri.

259 3801 356 3871 Ante
374 3797 578 3873 adventum
596 3796 756 3891 Spiritus
775 3798 894 3868 sancti
920 3797 1033 3870 nimis
1049 3799 1260 3869 timuerunt
1278 3805 1435 3868 mortem
1458 3795 1571 3889 Apos-
1587 3809 1685 3870 naath.
1705 3812 1751 3870 aa.

210 3891 301 3985 toli,
319 3894 403 3990 qui,
416 3892 687 3987 comprehenso
716 3893 900 3986 Domino,
916 3917 1046 3966 omnes
1070 3916 1158 3966 eum
1180 3890 1415 3988 reliquerunt
1441 3915 1449 3958 τ
1471 3900 1570 3985 post-

212 4015 326 4084 quam
351 4015 443 4064 vero
468 3987 626 4064 fuerunt
646 3988 790 4061 virtute
809 4013 860 4061 ex
879 3989 954 4060 alto
969 3989 1153 4082 roborati,
1170 3987 1273 4062 ducti
1292 4011 1416 4060 coram
1435 3984 1571 4083 princi-

212 4085 324 4180 pibus
348 4097 384 4156 et
406 4085 599 4184 tyrannis,
617 4080 841 4157 fiducialiter
855 4083 1135 4180 loquebantur:

262 4181 400 4254 Parum
423 4181 594 4270 timebat,
605 4178 682 4250 imo
694 4204 771 4251 non
787 4181 943 4253 timebat
959 4193 1117 4254 mortem
1138 4181 1300 4272 Paulus,
1316 4180 1383 4275 qui
1401 4177 1568 4250 dicebat:

212 4273 298 4446 Nep
315 4275 437 4352 solum
451 4273 614 4376 alligari,
631 4273 695 4352 sed
716 4287 754 4352 et
763 4278 859 4355 mori
869 4289 1022 4377 paratus
1034 4298 1119 4356 sum
1133 4288 1284 4376 propter
1295 4301 1432 4351 nomen
1447 4273 1573 4350 Domi·
1589 4283 1686 4342 actos
1708 4281 1751 4350 24.
