4464 5464
710 546 789 631 288
901 529 1165 623 TITULUS
1203 525 1353 614 CLVI.
1383 522 1575 610 Societas
1614 511 1848 599 bonorum]

708 653 2070 698 W*

511 820 605 874 ,cm
615 815 640 870 8·
653 812 691 868 ,8,
757 769 836 842 Hoc
852 766 963 840 ctiam
978 764 1120 837 crimen
1131 755 1317 836 commisit
1328 755 1455 830 Simon
1471 774 1602 854 magus
1618 748 1659 847 (a
1674 731 1752 843 qno
1765 744 2080 830 simonianomen

710 863 849 960 accepit
881 862 948 959 qui
961 861 1032 936 sibi
1048 859 1191 932 donm‘n
1210 851 1367 950 Spiritds
1382 849 1508 924 Sancti
1523 844 1685 942 pecunia
1700 865 1919 938 comparare
1944 847 2078 926 voluit.

709 960 780 1036 Sed
800 985 848 1033 au
877 961 884 974 '
909 983 930 1032 e
947 956 1077 1031 debuit
1094 955 1118 1026 a
1136 955 1267 1028 Petro:
1284 949 1445 1048 pecunia
1464 956 1532 1018 tna
1545 957 1672 1018 tecum
1691 939 1740 1016 sit
1757 941 1801 1014 in
1815 941 2076 1038 perditionem.

1077 1127 1455 1220 TITULUS
1508 1125 1693 1213 CLVI.

1165 1307 1351 1394 Societas
1387 1301 1632 1389 Bonorum·

515 1545 642 1604 ew&
720 1457 1071 1589 Considerandum
1091 1513 1148 1576 est
1168 1495 1294 1588 valde,
1317 1493 1417 1592 quod
1442 1496 1475 1569 si
1498 1491 1647 1568 inventi
1669 1485 1829 1565 fuissent
1852 1485 1977 1566 decem
2005 1487 2080 1567 viri

717 1611 812 1706 justi
828 1613 871 1684 in
886 1595 1344 1720 quinque·pecc·atricibus
1372 1589 1605 1680 civitatibus,
1625 1597 1775 1684 propter
1791 1585 1870 1660 illos
1888 1590 2078 1683 pepercis-

721 1719 776 1778 set
797 1709 982 1779 Dommus
1004 1717 1202 1770 universis.

621 1835 647 1868 0.
767 1802 876 1870 Dixit
894 1793 1007 1866 Jacob
1029 1789 1076 1859 ad
1098 1789 1224 1856 Laban
1243 1809 1251 1853 z
1272 1781 1460 1854 Modicum
1483 1777 1670 1869 habuisti,
1692 1789 1884 1874 antequam
1899 1778 2070 1850 venirem

719 1892 768 1963 ad
789 1907 843 1984 te,
869 1903 906 1962 et
927 1910 1030 1961 nunc
1056 1881 1162 1954 dives
1189 1877 1341 1952 effectus
1366 1903 1425 1968 es,
1445 1873 1715 1970 benedixitque
1734 1875 1803 1946 tibi
1821 1871 2004 1946 Dominus
2031 1871 2077 1944 ad

721 1989 918 2062 introitum
949 2003 1086 2053 meum.

551 2117 583 2150 aa
644 2125 653 2144 ·
747 2078 971 2252 lBenedinit
995 2072 1182 2148 Dominus
1212 2063 1342 2141 domni
1364 2061 1530 2166 AEgyptii
1549 2077 1700 2164 propter
1719 2061 1882 2166 loseph,
1904 2077 1942 2140 et
1955 2063 2084 2140 multi-

762 2176 885 2250 ieavit.
1809 2173 1813 2181 ’

722 2207 748 2276 p
773 2273 874 2344 Bene
894 2266 968 2340 fuit
978 2263 1179 2338 associatus
1200 2255 1332 2348 Jacob,
1349 2259 1416 2354 qui
1434 2255 1533 2330 dixit
1550 2251 1767 2333 :Faciamus
1786 2257 1903 2335 altare
1913 2259 2086 2352 Domino,

725 2359 1124 2467 quoniamcxaudivit
1148 2382 1208 2429 me
1230 2356 1272 2428 in
1298 2354 1358 2427 die
1388 2353 1639 2428 tribulationis
1671 2381 1781 2451 meac,
1803 2371 1842 2432 et
1863 2357 1941 2434 fuit
1969 2363 2088 2434 socius

723 2462 870 2540 itineris
896 2457 979 2532 mei.

573 2603 588 2636 u
639 2613 661 2654 .·
775 2557 939 2632 Servivit
960 2551 1073 2626 Isra‘el
1094 2545 1259 2628 Domino
1274 2540 1572 2621 cunctis'diebus
1591 2543 1703 2622 Josue
1721 2559 1759 2623 et
1778 2549 1994 2646 seniorum,
2024 2549 2090 2648 qui

724 2664 911 2728 noverant
928 2649 1056 2722 omnia
1077 2669 1187 2740 opera
1210 2645 1384 2740 Domini,
1406 2667 1490 2740 quae
1518 2643 1654 2718 iecerat
1676 2647 1717 2718 in
1742 2647 1865 2720 lsrael.

583 2769 607 2820 ic
635 2783 675 2816 ι.
772 2749 859 2822 Filii
882 2749 967 2844 Dan
992 2751 1170 2840 ceperunt
1195 2739 1345 2834 Lachis,
1373 2753 1410 2814 et
1440 2739 1653 2814 occiderunt
1685 2739 1877 2838 homines,
1905 2746 1973 2838 qui
2001 2767 2091 2817 cum

725 2845 832 2920 nullo
856 2842 1054 2915 hominum
1077 2835 1268 2909 habebant
1299 2836 1506 2933 quidquam
1534 2834 1722 2910 societatis.

775 2941 837 3006 Ex
858 2949 962 3026 parte
985 2934 1104 3002 Saulis
1131 2933 1237 3001 missi
1263 2945 1353 3003 sunt
1371 2933 1518 3006 lictores
1538 2931 1581 3002 ad
1602 2927 1812 3025 capiendum
1833 2926 2085 3020 David‚mo-

725 3037 873 3099 rantem
901 3047 998 3134 cnm·
1010 3019 1180 3094 Samuele
1198 3035 1235 3095 et
1264 3023 1346 3106 aliis
1370 3027 1582 3124 prophetis,
1609 3025 1676 3122 qui
1702 3022 1922 3120 prophetare
1955 3047 2088 3122 ooepe-

727 3134 841 3232 runt,
860 3131 897 3194 et
912 3130 1019 3194 vemt
1038 3117 1147 3211 Saul,
1174 3129 1211 3192 et
1235 3119 1474 3217 prophetavit
1497 3129 1575 3220 ipse
1592 3146 1678 3194 cum
1704 3120 1766 3194 eis.

775 3220 933 3316 Propter
954 3213 1134 3288 honorem
1152 3213 1332 3314 iosaphat
1358 3223 1454 3318 regis
1479 3221 1502 3290 J
1505 3221 1577 3293 uda
1593 3219 1713 3292 Deum
1734 3213 1911 3308 colentis,
1932 3211 2092 3290 Elisoeus
2218 3281 2219 3288 ,

614 3373 619 3383 .
724 3312 909 3485 prolpheta
928 3312 1144 3410 impetravit
1167 3337 1282 3410 aquas
1302 3311 1387 3390 dari
1414 3315 1621 3409 exercitui,
1643 3315 1685 3389 in
1708 3340 1783 3412 quo
1812 3321 1919 3386 erant
1935 3311 2012 3386 duo
2027 3312 2094 3386 alii

726 3436 787 3484 ma
840 3435 956 3506 reges.

556 3543 571 3575 ο
669 3555 676 3572 .
752 3603 754 3609 ,
776 3508 955 3582 Homines
975 3504 1096 3578 Deum
1117 3503 1292 3578 timentes
1312 3505 1462 3582 volebat
1484 3507 1622 3584 habere
1646 3530 1771 3581 secum
1792 3503 1928 3582 Tobias
1947 3505 1990 3580 in
2008 3530 2096 3578 con-

724 3606 850 3698 vivio,
870 3616 907 3676 et
925 3601 998 3674 hoc
1018 3601 1144 3769 ipsum
1170 3599 1298 3675 docuit
1321 3601 1442 3676 filium
1460 3609 1583 3678 suum.
1609 3601 1731 3679 Nolite
1753 3600 1980 3677 manducare
2007 3627 2098 3676 cum

724 3699 1006 3890 ppppiqpqpbppp
1043 3696 1137 3865 5deni
1162 3695 1360 3794 diligenter
1383 3699 1506 3776 voluit
1532 3701 1644 3797 scire,
1664 3725 1751 3774 cum
1777 3723 1853 3798 quo
1880 3701 2007 3772 iturus
2038 3723 2098 3771 es-
2217 3725 2218 3804 i

777 3892 930 3980 Dicebat
945 3915 1046 4001 uxor
1063 3889 1189 3962 Tobiae
1211 3890 1390 3994 junioris:
1403 3889 1605 3990 Nunquam
1622 3917 1709 3968 cum
1726 3885 1940 3964 ludentibus
1955 3889 2103 3964 miscui
2217 3971 2218 3976 ἵ

731 4007 792 4055 me
803 4038 814 4075 ,
824 4011 893 4093 nec
904 4010 989 4056 cum
1007 3983 1086 4095 lus,
1103 3987 1226 4081 quiin
1242 3987 1393 4063 levitate
1409 3988 1619 4083 ambulant,
1636 3989 1853 4086 participem
1864 4011 1922 4057 me
1935 3985 2101 4082 praebui.
2217 3991 2218 4020 ¹

562 4115 574 4148 ι
637 4132 645 4149 .
736 4176 744 4192 .
781 4077 920 4188 Audito
945 4077 1086 4186 crudeli
1111 4079 1288 4186 mandato
1309 4084 1405 4180 regis
1430 4084 1793 4174 Nabuchodonosor,
1834 4107 1886 4154 uo
1911 4079 2105 4156 debebant

730 4172 893 4248 interfici
923 4183 1049 4244 cuucu
1069 4187 1250 4282 sapientes
1269 4179 1767 4277 Babylonis‚clamave1unt
1855 4177 1979 4251 socios
1998 4199 2109 4266 suos,

731 4282 787 4355 nt,
806 4281 1016 4381 quaererent
1052 4269 1163 4382 simul
1195 4274 1485 4350 misericordiam
1518 4303 1541 4348 a
1572 4277 1751 4368 Domino,
1767 4281 1805 4346 et
1838 4273 2012 4348 revelata
2049 4281 2110 4342 est

732 4379 844 4476 nocte
871 4391 968 4440 visio
999 4366 1160 4476 Dcmrm.
1195 4369 1306 4442 Unde
1339 4375 1530 4447 occasione
1559 4373 1724 4448 Danielis
1752 4371 1853 4449 servi
1881 4370 1943 4444 sui
1974 4391 2114 4468 peper-

721 4474 785 4584 cit
816 4487 886 4536 rex
915 4485 1032 4556 magn
1060 4475 1099 4536 et
1123 4465 1352 4562 sapientibus
1377 4469 1592 4568 Babylonis.

1350 4585 1353 4594 ’
2020 4557 2113 4632 Post
