4502 5484
715 429 720 440 ⁸
758 333 808 416 te
1011 324 1276 414 'HTULUS
1300 324 1436 424 XXX
1472 321 1662 408 Consilia
1692 322 1820 405 bona.

755 544 839 616 beat
850 565 1002 638 ponere,
1014 539 1104 612 dum
1116 541 1182 612 ait:
1196 538 1322 612 Gloria
1332 547 1459 610 nostra
1468 535 1550 608 hec
1561 547 1631 627 est,
1642 537 1899 610 testimonium
1910 541 2131 614 conscien-

755 641 816 710 tiae
838 650 989 727 nostre,
1003 635 1102 730 quod
1116 635 1156 707 in
1169 635 1285 730 gratia
1300 633 1368 704 Dei
1385 630 1594 706 conversati
1615 655 1745 704 sumus
1768 634 1809 704 in
1827 631 1900 704 hoc
1917 633 2098 706 mundo.
2175 679 2176 736 f

565 729 735 794 *sarii
802 729 1171 821 Idem,licetnullius
1186 727 1324 826 peceati
1340 726 1410 798 sibi
1425 727 1594 797 conscius
1610 727 2015 819 esset,tameninhoc
2027 753 2124 802 nou
2175 737 2176 788 t

596 807 710 864 ‘¹⁹³³'
758 852 796 896 se
828 838 935 920 putat
967 823 1234 919 justificatum,
1261 820 1323 895 sed
1349 821 1502 914 castigat
1529 844 1662 916 corpus
1687 847 1822 914 suum,
1851 847 1898 895 ne
1919 824 2126 920 reprobus
2175 833 2176 928 ἦ

758 921 944 992 “ffim‘ur'
1161 985 1489 1097 rrectius
1533 1009 1691 1093 xxi.

1255 1137 1438 1220 Consilia
1479 1137 1598 1219 bona.
1724 1261 1730 1276 ι

973 1282 1064 1367 Illis
1094 1313 1191 1368 non·
1212 1277 1400 1393 obsequi,
1435 1311 1557 1394 qnam
1586 1284 1874 1392 periculosum,

563 1479 628 1534 cen.
650 1497 687 1545 ¹s·
750 1417 939 1568 Angeli,
961 1473 1028 1566 qui
1049 1497 1073 1544 a
1098 1480 1302 1568 paruerunt
1319 1469 1439 1562 Loth,
1466 1467 1649 1542 dederunt
1667 1470 1701 1542 ei
1719 1471 1860 1544 bonum
1877 1478 2099 1567 consilium,

605 1605 608 1612 <
751 1583 795 1642 ut
813 1569 934 1640 exiret
955 1567 1000 1637 de
1022 1568 1045 1638 S
1095 1567 1187 1638 omis
1200 1619 1210 1655 ‚
1221 1575 1418 1658 ctgeneros
1436 1589 1522 1636 suos
1540 1587 1664 1640 secum
1682 1563 1843 1654 ducens,
1859 1593 2104 1670 nequaquam

752 1674 835 1758 post
864 1673 1010 1754 tergum
1026 1665 1267 1754 respicerent,
1295 1659 1358 1730 sed
1390 1661 1431 1732 in
1459 1657 1585 1730 niente
1607 1657 1729 1734 salvos
1763 1687 1801 1733 se
1823 1661 1998 1742 facerent.
2026 1673 2105 1762 Qui

754 1755 855 1828 dixit
866 1757 1009 1849 generis
1026 1755 1102 1827 suis
1113 1808 1122 1845 ,
1133 1755 1199 1848 qui
1218 1755 1404 1846 accepturi
1414 1765 1521 1828 erant
1535 1753 1630 1826 filias
1642 1757 1729 1860 'ejus
1742 1812 1754 1849 ,
1767 1770 1811 1829 ut
1826 1757 2102 1926 etprederentur.

752 1851 821 1922 Sed
836 1851 942 1924 risus
958 1861 1012 1922 est
1030 1849 1082 1920 eis
1104 1849 1212 1944 quasi
1226 1845 1360 1920 ludens
1382 1847 1495 1945 loqui.
1516 1849 1652 1922 Genera
1674 1875 1759 1946 ergo
1782 1854 1834 1924 Lo
1866 1880 1903 1946 1,
1924 1858 2099 1932 nolentes

752 1945 857 2017 exire
880 1945 926 2017 de
956 1944 1078 2017 medio
1107 1967 1232 2040 pravae
1265 1943 1407 2037 gentis,
1441 1945 1633 2038 perierunt
1662 1968 1747 2018 cum
1773 1948 1862 2042 ipsis
1885 1951 2094 2026 Sodomitis.

752 2041 864 2114 Uxor
879 2053 1004 2114 autern
1022 2044 1104 2137 ejus
1118 2052 1219 2114 retro
1234 2039 1433 2134 respiciens
1444 2064 1572 2132 ,versa
1589 2050 1643 2110 est
1663 2043 1703 2114 in
1720 2053 1872 2118 statuam
1890 2043 1979 2118 salis.
1999 2047 2087 2141 Ipse

750 2138 861 2208 etiam
879 2135 995 2229 Loth,
1017 2140 1084 2232 qui
1102 2138 1214 2230 juxta
1232 2134 1429 2208 consilium
1451 2134 1570 2228 angeli
1593 2133 1714 2208 noluit
1737 2139 1861 2214 statim
1874 2140 1912 2212 in
1925 2155 2097 2216 montem

751 2231 962 2325 ascendere,
979 2257 1063 2305 cum
1087 2255 1155 2328 pro
1179 2233 1245 2303 riis
1271 2229 1417 2303 filiabus
1469 2230 1619 2303 cecavit.
1890 2330 1896 2345 Ι
2086 2337 2093 2348 .

582 2349 594 2378 f
619 2365 624 2378 ·
657 2349 679 2398 5·
797 2327 928 2401 Ruben
951 2327 1139 2402 conualuit
1152 2255 1353 2415 iuribus,
1372 2336 1416 2398 ut
1453 2323 1567 2416 oseph
1579 2325 1796 2400 redderetur
1805 2339 1902 2425 patri
1921 2355 1999 2402 sao.
2019 2333 2097 2422 Qui

587 2415 601 2446 ⁰
645 2415 668 2446 '¹'
748 2449 827 2497 non
846 2425 1116 2517 acquieverunt
1141 2422 1199 2490 ei:
1221 2417 1360 2489 idcirco
1385 2417 1491 2490 venit
1506 2429 1633 2510 postea
1650 2445 1766 2516 super
1784 2448 1846 2496 cos
1870 2425 2073 2501 tribulatio.

627 2553 634 2568 ·
656 2538 666 2570 ι
688 2555 695 2567 ·
799 2514 905 2586 Filiis
924 2514 1037 2586 Israel
1047 2511 1262 2582 volentibus
1278 2508 1474 2582 ascendere
1485 2523 1571 2584 ante
1590 2527 1736 2612 tempus
1754 2516 1800 2590 ad
1812 2517 1955 2610 locum,
1969 2521 2099 2618 dequo

749 2609 897 2677 locutus
919 2605 1042 2677 fuerat
1056 2603 1262 2693 Dominus,
1291 2603 1343 2674 ait
1361 2607 1533 2702 Moyses:
1557 2607 1642 2684 Non
1669 2625 1725 2686 est
1747 2613 1847 2692 Deus
1878 2617 2097 2710 vobiscum,

749 2697 968 2770 Amalecites
994 2708 1032 2770 et
1052 2693 1289 2770 Chananeus
1314 2711 1400 2770 ante
1422 2725 1490 2772 ros
1509 2716 1788 2801 sunt,qu0rum
1813 2709 1936 2806 glutto
1951 2736 2094 2792 corrue

748 2792 815 2879 tis,
837 2817 881 2864 eo
902 2791 1002 2888 quod
1020 2791 1214 2864 nolueritis
1240 2792 1469 2887 acquiescere
1491 2795 1661 2874 Domino.

797 2887 886 2958 Post
908 2886 1027 2958 scelus
1046 2897 1297 2982 perpetratum
1323 2886 1364 2959 in
1386 2913 1544 2962 uxorem
1561 2893 1726 2990 Levita,
1750 2919 2006 2978 convenerunt
2021 2907 2091 2980 fflii

747 2979 879 3071 Israel,
897 2991 934 3052 et
950 2981 1135 3052 miserunt
1155 2979 1313 3055 nuncios
1336 2982 1383 3055 ad
1404 2983 1519 3078 filios,
1539 2988 1600 3062 vel
1625 2992 1763 3066 tribum
1784 2995 1999 3092 Benjamin,
2021 3000 2088 3096 qui

675 3091 677 3098 ⁴
746 3072 933 3146 dicerent:
951 3073 1028 3147 Cur
1044 3086 1192 3149 tantum
1209 3075 1313 3151 nefas
1329 3081 1370 3158 in
1381 3081 1488 3161 vobis
1506 3099 1693 3178 repertum
1714 3089 1790 3164 est?
1806 3091 1957 3167 Tradite
1971 3094 2091 3168 homi·

747 3191 831 3260 nes,
854 3170 921 3265 qui
948 3168 1020 3242 hoe
1044 3167 1226 3266 flagitium
1257 3187 1575 3270 perpetraverunt.
1607 3179 1683 3272 Qui
1709 3184 1914 3262 noluerunt
1944 3189 2093 3284 audire,

746 3265 1018 3362 propterquod
1038 3289 1166 3338 omnes
1188 3275 1335 3362 postea,
1356 3275 1521 3365 exceptis
1547 3279 1697 3370 paucis,
1717 3278 1878 3354 suerunt
1899 3287 2022 3362 occisi.

554 3397 577 3432 2.
590 3382 653 3448 reg.
668 3395 692 3430 α.
794 3357 902 3432 Dixit
919 3361 1046 3432 Abner
1062 3360 1205 3454 Asaeti,
1222 3373 1267 3434 ut
1288 3363 1478 3438 desisteret
1501 3367 1547 3438 ab
1573 3370 1805 3448 insecutione
1825 3377 1961 3470 ipsius,
2020 3379 2093 3454 uod

745 3451 874 3527 audire
893 3457 1124 3554 contempsit.
1151 3457 1279 3530 Abner
1299 3472 1424 3533 autern
1442 3464 1568 3558 ipsum
1584 3465 1741 3541 adversa
1758 3468 1867 3544 hasti
1881 3407 2089 3550 transietis„

552 3567 577 3618 a.
594 3567 656 3634 seg.
669 3583 708 3618 ω.
791 3548 953 3623 Roboam
965 3549 1408 3628 filiusSalomonisnoluit
1418 3557 1548 3632 audire
1562 3563 1757 3638 consilinm
1772 3591 1920 3660 senum,
1932 3571 1996 3644 sed
2008 3595 2090 3644 con·

745 3643 828 3716 silio
843 3649 1024 3740 juvenum
1045 3673 1067 3719 a
1114 3650 1250 3742 uievit,
1262 3661 1298 3722 et
1309 3650 1392 3722 ideo
1402 3670 1574 3748 magnam
1581 3657 1713 3752 populi
1725 3660 1785 3734 sui
1799 3673 1940 3758 partem
1955 3669 2087 3740 amisit.

476 3753 483 3762 ·
550 3750 635 3802 ruric.
655 3751 682 3800 s.
791 3739 940 3809 Bonum
967 3751 1003 3810 et
1029 3673 1136 3811 fidedic
1163 3744 1359 3816 consilium
1382 3743 1483 3820 dedit
1505 3747 1644 3826 Achior
1665 3751 1877 3848 Holoferni,
1903 3761 2092 3854 quoditie

746 3851 833 3935 cum
859 3831 1032 3924 superbia
1059 3842 1097 3903 ct
1121 3835 1374 3929 indignatione
1393 3846 1642 3938 contempsit,
1673 3847 1752 3942 qui
1768 3849 1880 3944 paulo
1904 3871 1990 3949 post
2018 3857 2091 3930 fuit

745 3943 891 3991 occrsus
917 3936 954 3994 et
977 3925 1058 4016 ejus
1085 3933 1271 4004 exercitus
1300 3955 1388 4006 cum
1409 3934 1548 4026 damno
1568 3952 1605 4011 et
1630 3941 1848 4018 contusione
1871 3946 1913 4022 su
1934 3963 2033 4028 atus.

550 4021 646 4072 amm·
668 4018 711 4082 40.
795 4011 985 4108 Godoliae,
1038 4043 1121 4090 uem
1148 4023 1230 4096 Rex
1258 4027 1334 4099 Bab
1365 4027 1461 4102 lonis
1487 4032 1699 4126 praefecerat
1723 4041 1876 4114 terras]
1984 4074 2070 4122 rum
2175 4095 2176 4116 t

584 4091 611 4134 ‘²
628 4083 671 4148 ⁴¹·
745 4109 943 4190 nunciavit
956 4043 1113 4186 fiddliter
1131 4115 1302 4192 Johanan
1346 4123 1419 4198 lius
1436 4123 2002 4228 Charem,quod1smaelfilius
2018 4103 2095 4214 ital
2175 4193 2176 4196 =

745 4199 884 4276 titaniae
901 4205 1054 4282 ¹volebat
1070 4231 1158 4286 eum
1182 4212 1356 4292 occidere.
1375 4217 1450 4320 Qui
1469 4225 1659 4320 respondit
1680 4228 1715 4302 ei
1734 4252 1742 4298 :
1761 4228 1910 4306 Falsum
1926 4233 2092 4400 Ιοᾳυεὲἰε
2175 4219 2176 4242 ’

790 4331 800 4336 ”
2071 4355 2091 4400 C
