4498 5462
796 397 880 478 '152
947 386 1210 478 TITULUS
1244 385 1442 478 LXXXI.
1477 387 1653 474 Judicia
1679 387 1770 476 Dei
1796 389 1993 482 occulta.

800 619 871 692 Isa.
893 643 945 690 ιο.
963 615 1030 688 Vae
1046 617 1163 694 Assur
1177 621 1285 715 virga
1300 617 1439 692 furoris
1460 616 1558 708 mei,
1579 627 1647 689 eto.
1666 613 1752 688 Non
1767 613 1888 689 solum
1903 643 2031 716 super
2047 647 2151 721 popu.

802 713 884 786 lum
899 711 1045 786 fidelem
1064 725 1102 786 et
1121 711 1478 788 bonum-constituit
1496 711 1680 786 Dominus
1701 711 1930 806 principem,
1953 719 2025 790 vel
2042 723 2149 813 preb

803 820 907 900 tum,
924 811 1186 884 verumetiam
1204 835 1316 906 super
1330 832 1471 880 omnes.
1487 803 1683 878 Nonenim
1700 817 1756 878 est
1775 817 1941 901 potestas
1954 815 2037 886 nisi
2049 817 2147 890 aDeo.

608 940 686 988 nom.
707 932 747 985 ¹3,
785 905 790 912 '
852 903 1032 998 Praecepit
1050 905 1238 980 Dominus
1261 905 1388 996 Jonae,
1413 913 1457 974 ut
1483 899 1722 1012 praedicnt-‘tf
1743 899 1878 974 Adhuc
1910 909 2145 1014 quadragina
2180 941 2181 996 ι

570 1063 573 1068 .
607 1007 683 1057 tonae
705 1002 729 1053 ³·
806 997 912 1089 dies,
934 1010 972 1070 et
995 995 1131 1072 Ninive
1162 1003 1429 1077 subvertetur:
1452 1000 1501 1069 Et
1522 1008 1649 1068 tamen
1668 996 1806 1069 serebat
1821 997 2039 1100 Dominus,
2061 1007 2145 1082 Nini·

804 1094 903 1168 vitas
920 1093 1179 1188 poenitentiam
1201 1110 1370 1185 acturos,
1393 1104 1431 1164 et
1448 1115 1527 1164 non
1546 1091 1670 1164 taliter
1687 1089 1909 1187 puniendos.

613 1241 638 1278 ¹,
652 1221 739 1276 uach.
764 1236 788 1272 ¹,
853 1187 1026 1260 Permisit
1054 1189 1261 1282 Dominus,
1282 1202 1327 1262 ut
1355 1187 1563 1260 Antiochus
1588 1185 1802 1281 profanaret
1825 1186 1923 1260 illud
1953 1193 2143 1270 venerabile

806 1281 1010 1378 templum,
1040 1296 1077 1356 et
1107 1285 1346 1358 succenderet
1374 1281 1564 1356 civitatem
1589 1293 1776 1373 sanctam,
1802 1295 1841 1355 et
1860 1281 2006 1363 faceret
2032 1293 2081 1364 ibi
2098 1293 2141 1364 in·

612 1431 616 1436 -
807 1401 982 1466 numeras
1005 1377 1122 1452 oeedes
1147 1383 1402 1458 innocentum.

615 1513 639 1552 ι.
654 1497 743 1550 usca.
762 1495 792 1551 o.
857 1473 1037 1565 Tempore
1064 1473 1240 1548 Antiochi
1271 1473 1500 1569 Epiphanis,
1534 1471 1601 1566 qui
1626 1469 1823 1566 Templum
1856 1471 2059 1554 Jerusalem
2092 1479 2140 1554 de·

809 1567 974 1657 struxit,
1000 1567 1234 1662 profanavit,
1256 1568 1394 1642 multos
1407 1564 1567 1638 Judaeos
1595 1567 1706 1639 torsit
1723 1565 1916 1641 crudeliter
1933 1584 1972 1642 et
1995 1577 2139 1667 oceidit,

809 1671 954 1759 poterat
974 1661 1096 1737 videri
1117 1663 1272 1756 multis,
1293 1662 1394 1758 quod
1416 1683 1550 1756 magna
1574 1661 1747 1734 confusio
1769 1675 1842 1734 erat
1863 1675 1897 1733 et
1915 1663 2142 1742 deordinatio

810 1757 853 1830 in
871 1756 1050 1849 regimine
1076 1761 1265 1832 universo.
1288 1761 1558 1830 Verumtamen
1578 1780 1629 1828 ex
1650 1755 1725 1827 illis
1750 1756 1851 1828 modis
1869 1755 1995 1832 elicuit
2018 1763 2139 1837 Domi·

810 1873 885 1920 nus
903 1849 1085 1921 malorum
1103 1851 1360 1943 punitionem,
1382 1847 1631 1944 quorumdam
1651 1852 1933 1946 eorreptionem,
1948 1855 2133 1932 muitorun

812 1939 925 2011 etiam
943 1951 1036 2014 tuno
1056 1941 1340 2019 interfectorum
1355 1943 1517 2020 virtutes
1536 1955 1573 2016 et
1587 1945 1720 2019 merita
1734 1945 1889 2022 fuer'uut
1903 1951 2133 2050 multipliciter

683 2055 689 2062 ·
812 2059 862 2108 au
887 2047 1060 2107 mentata.

614 2155 643 2190 ν·
658 2135 747 2188 Μιώ·
767 2133 795 2190 6.
863 2059 1026 2202 gossem
1048 2113 1173 2204 autem
1196 2159 1284 2227 eos,
1312 2137 1380 2232 qui
1404 2131 1673 2208 hunctibrum
1690 2129 1824 2210 lecturi
1849 2151 1944 2214 sunt
1965 2153 2026 2217 eto.
2051 2143 2130 2234 Quo

620 2223 642 2257 ¹·
658 2204 745 2256 Μ’ώ·
765 2219 791 2272 9·
814 2223 925 2299 modo
947 2223 1064 2300 Judas
1079 2227 1331 2324 Machabaeus‚
1352 2229 1533 2304 Jonathas
1552 2241 1589 2302 et
1604 2230 1732 2304 Simon
1752 2229 1887 2308 fratres
1900 2240 2004 2333 ejus,
2021 2239 2129 2313 iirennt

812 2317 889 2396 viri
908 2321 1031 2418 quoad
1052 2321 1174 2418 Deum
1194 2337 1231 2400 et
1256 2324 1427 2402 homines
1453 2325 1661 2400 fidelissimi
1681 2339 1719 2400 et
1745 2333 2013 2426 strenuissimi,
2035 2347 2065 2406 et
2086 2349 2130 2405 ta·

520 2483 528 2498 ,
617 2447 643 2484 ι.
656 2429 744 2482 Mnch·
758 2444 796 2481 ιι
814 2443 903 2491 men
931 2420 1019 2490 satis
1038 2417 1297 2496 miserabiliter
1318 2423 1469 2496 mortui.
1496 2419 1591 2494 Nam
1610 2423 1632 2493 J
1635 2422 1725 2495 udas
1745 2425 1787 2496 in
1810 2427 1912 2502 bello
1932 2443 2040 2504 oenus
2056 2429 2127 2498 Dec·

617 2515 644 2550 ²·
656 2499 742 2550 Μ’·
759 2499 796 2551 ¹⁵·
815 2511 964 2585 chidem
986 2513 1118 2584 cecidit
1130 2542 1139 2604 3
1151 2515 1174 2584 J
1175 2517 1342 2588 onathan
1358 2542 1450 2591 vero
1474 2541 1562 2588 oum
1583 2516 1729 2592 duobus
1747 2519 1834 2594 filiis
1857 2523 2033 2624 Tryphon
2052 2522 2130 2596 otni-

813 2605 898 2694 dit,
925 2601 1133 2676 Simeonem
1164 2619 1290 2680 autem
1313 2621 1350 2682 et
1373 2610 1467 2685 duos
1494 2611 1591 2684 filios
1620 2615 1702 2710 ejus
1724 2615 1950 2695 Ptolomeus
1976 2623 2065 2698 filius
2083 2623 2128 2692 Ss-

820 2695 920 2772 boldi
941 2697 1143 2774 inebriatos
1164 2701 1365 2796 proditorie
1388 2705 1585 2802 jugulavit.

618 2825 646 2860 a.
659 2807 747 2860 uach.
772 2809 799 2860 s.
864 2791 1004 2864 Mirum
1016 2791 1132 2866 fuisse
1142 2795 1309 2889 videtur,
1346 2801 1420 2873 uod
1432 2803 1631 2876 Eleazarus
1643 2807 1705 2879 vir
1715 2817 1823 2880 aetate
1833 2808 2131 2906 provectus,etilli

654 2882 683 2926 *ι
699 2894 724 2943 t·
817 2897 958 2982 septem
973 2884 1107 2960 fratres
1120 2901 1196 2962 tam
1215 2827 1378 2994 crudeiia
1393 2899 1654 2970 sustinuerunt
1670 2927 1738 2995 pro
1757 2903 1879 2978 divini
1892 2905 1968 2999 iege
1987 2920 2134 2978 tormen·

816 2993 878 3072 ta,
899 3004 970 3072 neo
991 2991 1117 3052 tamen
1136 2985 1236 3052 Deus
1247 2983 1301 3054 1bi
1322 2983 1485 3081 aliquam
1505 2990 1712 3066 vindictam
1728 2997 1770 3069 in
1792 3012 1952 3098 tyrannos
1967 2997 2129 3072 ostendit.

622 3077 719 3142 staua
739 3095 765 3132 2·
865 3071 996 3170 Voluit
1017 3075 1200 3145 Dominus
1255 3102 1323 3152 uer
1351 3082 1542 3176 existens,
1569 3085 1611 3157 in
1633 3089 1835 3202 AEgyptum
1859 3091 1989 3168 deferri
2010 3092 2133 3167 aiaeie

728 3195 734 3198 ·
794 3165 973 3272 “fiemdis
996 3174 1033 3237 et
1050 3166 1218 3276 permisit
1229 3101 1317 3247 ioco
1341 3176 1399 3250 sui
1421 3178 1638 3254 innocentes
1659 3188 1787 3262 occidi.
1817 3189 1886 3262 Sed
1906 3192 1950 3264 in
1969 3189 2040 3266 boo
2061 3193 2133 3287 ipsis

813 3257 1024 3331 infantibus
1047 3261 1180 3334 melius
1208 3269 1381 3360 providit.
1401 3271 1604 3371 Nunquam
1629 3281 1728 3353 enim
1748 3295 1896 3358 tantum
1914 3287 2051 3364 bonum
2064 3313 2137 3384 pm-

814 3353 980 3463 venisset
1013 3355 1089 3448 eis,
1115 3357 1146 3430 si
1172 3359 1335 3436 Herodes
1365 3391 1426 3438 eos
1452 3365 1636 3443 honorare
1657 3378 1845 3473 curasset,
1874 3398 2048 3480 quantum
2063 3409 2136 3480 pro

814 3459 922 3521 vemt
944 3473 996 3521 e1s
1017 3473 1067 3520 ex
1088 3448 1182 3545 hoo,
1202 3457 1302 3550 quod
1325 3485 1386 3532 eos
1413 3465 1530 3538 occidi
1556 3468 1759 3547 mandavit.

862 3541 1001 3652 Auditi
1022 3543 1095 3616 fide
1118 3547 1355 3652 Centurionis
1376 3559 1532 3632 miratus
1552 3575 1607 3635 est
1632 3564 1833 3664 Dominus,
1861 3585 1900 3647 et
1924 3577 2138 3676 sequentibus

816 3661 876 3730 se,
899 3636 1023 3712 d1x1t:
1051 3641 1162 3741 Multi
1179 3647 1334 3722 venient
1354 3651 1400 3724 ab
1427 3653 1568 3728 oriente
1591 3669 1628 3730 et
1641 3655 1853 3760 occidente,
1882 3683 1931 3744 et'
1950 3675 2139 3757 recumbent

815 3733 1135 3841 eumnAbraham,
1163 3739 1265 3811 Isaac
1290 3756 1327 3815 et
1355 3746 1467 3818 Jacob
1493 3750 1536 3821 ιιι
1563 3777 1677 3848 regno
1706 3759 1916 3860 coelorum,
1938 3768 2017 3846 filii
2046 3781 2140 3842 auten

816 3845 921 3917 regni
932 3825 1059 3932 ,hujus
1078 3832 1284 3924 ejicientur·
1303 3837 1461 3914 ferasin
1479 3846 1650 3920 tenebras
1672 3857 1886 3932 exteriores.

646 3949 688 3983 uc.
725 3965 733 3981 .
765 3995 774 4002 ⁸
866 3919 1028 4026 Quidam
1047 3926 1167 4031 scriba
1181 3929 1317 4004 obtulit
1335 3937 1434 4008 sead
1449 3941 1679 4033 sequendum
1696 3951 1922 4050 Dominum,
1941 3973 1986 4035 et
2004 3989 2079 4035 non
2094 3957 2143 4032 tit

714 4033 721 4048 ·
758 4029 767 4046 ·
818 4008 1011 4120 adnussus.
1037 4017 1162 4090 Alium
1181 4046 1271 4096 vero
1292 4027 1471 4104 invitavit
1485 4034 1532 4106 ad
1550 4042 1798 4136 sequendum,
1821 4053 1890 4144 qui
1901 4079 1991 4131 non
2005 4060 2148 4136 volma-

671 4197 675 4210 .
816 4127 897 4175 rrus
917 4103 1140 4219 videbatur,
1157 4115 1258 4187 unde
1274 4121 1372 4196 dixit
1392 4151 1399 4196 :
1418 4128 1592 4203 Permitte
1612 4159 1671 4206 me
1692 4141 1844 4234 sepelire
1859 4162 2020 4241 patrem
2040 4172 2148 4226 mmm·

621 4211 722 4278 flatu,
742 4237 782 4278 n.
864 4195 966 4275 Fecit
991 4203 1175 4282 Dominus
1193 4213 1353 4295 virtutes
1375 4219 1643 4303 in'Cborozaiu
1658 4243 1696 4308 et
1713 4235 1937 4344 Bethsaida,
1950 4255 2026 4328 ubi
2042 4245 2153 4349 pariam

2086 4364 2156 4440 rr
