<?xml version="1.0" encoding="UTF-8"?>
<!DOCTYPE html PUBLIC "-//W3C//DTD XHTML 1.0 Transitional//EN"
    "http://www.w3.org/TR/xhtml1/DTD/xhtml1-transitional.dtd">
<html xmlns="http://www.w3.org/1999/xhtml" xml:lang="en" lang="en">
 <head>
  <title>
</title>
<meta http-equiv="Content-Type" content="text/html;charset=utf-8" />
  <meta name='ocr-system' content='tesseract 3.04.00' />
  <meta name='ocr-capabilities' content='ocr_page ocr_carea ocr_par ocr_line ocrx_word'/>
</head>
<body>
  <div class='ocr_page' id='page_1' title='image "./exemplabiblicai00hanagoog_0221.png"; bbox 0 0 4498 5462; ppageno 0'>
   <div class='ocr_carea' id='block_1_1' title="bbox 575 229 1841 436">
    <p class='ocr_par' dir='ltr' id='par_1_1' title="bbox 575 229 1841 436">
     <span class='ocr_line' id='line_1_1' title="bbox 575 229 1841 436; baseline 0.012 -43"><span class='ocrx_word' id='word_1_1' title='bbox 575 275 580 298; x_wconf 55' lang='lat'>„</span> <span class='ocrx_word' id='word_1_2' title='bbox 682 229 772 394; x_wconf 75' lang='lat' dir='ltr'>&#39;aeti</span> <span class='ocrx_word' id='word_1_3' title='bbox 883 303 1150 398; x_wconf 84' lang='lat' dir='ltr'>TlTULUS</span> <span class='ocrx_word' id='word_1_4' title='bbox 1184 303 1295 398; x_wconf 85' lang='lat' dir='ltr'>cxl.</span> <span class='ocrx_word' id='word_1_5' title='bbox 1336 303 1581 436; x_wconf 82' lang='lat' dir='ltr'>Mulierum</span> <span class='ocrx_word' id='word_1_6' title='bbox 1616 315 1841 432; x_wconf 84' lang='lat' dir='ltr'>sapientid.</span> 
     </span>
    </p>
   </div>
   <div class='ocr_carea' id='block_1_2' title="bbox 481 533 2100 3988">
    <p class='ocr_par' dir='ltr' id='par_1_2' title="bbox 490 533 2100 2177">
     <span class='ocr_line' id='line_1_2' title="bbox 491 533 2100 641; baseline 0.012 -34"><span class='ocrx_word' id='word_1_7' title='bbox 491 567 517 622; x_wconf 81' lang='lat' dir='ltr'>t.</span> <span class='ocrx_word' id='word_1_8' title='bbox 535 567 599 634; x_wconf 65' lang='lat' dir='ltr'>neg.</span> <span class='ocrx_word' id='word_1_9' title='bbox 615 577 640 616; x_wconf 63' lang='grc' dir='ltr'>ι.</span> <span class='ocrx_word' id='word_1_10' title='bbox 694 595 699 606; x_wconf 94' lang='grc'>.</span> <span class='ocrx_word' id='word_1_11' title='bbox 735 533 943 608; x_wconf 83' lang='lat' dir='ltr'>Bethsabeo</span> <span class='ocrx_word' id='word_1_12' title='bbox 974 547 1095 610; x_wconf 72' lang='lat' dir='ltr'>nister</span> <span class='ocrx_word' id='word_1_13' title='bbox 1127 535 1333 610; x_wconf 79' lang='lat' dir='ltr'>Salomonis</span> <span class='ocrx_word' id='word_1_14' title='bbox 1360 533 1547 633; x_wconf 75' lang='lat' dir='ltr'><strong>sapienter</strong></span> <span class='ocrx_word' id='word_1_15' title='bbox 1566 536 1728 614; x_wconf 87' lang='lat' dir='ltr'>verbum</span> <span class='ocrx_word' id='word_1_16' title='bbox 1755 549 1951 641; x_wconf 82' lang='lat' dir='ltr'>proposuit</span> <span class='ocrx_word' id='word_1_17' title='bbox 1980 576 2049 627; x_wconf 93' lang='lat' dir='ltr'>oo-</span> <span class='ocrx_word' id='word_1_18' title='bbox 2097 555 2100 564; x_wconf 83' lang='lat'>&#39;</span> 
     </span>
     <span class='ocr_line' id='line_1_3' title="bbox 688 631 2045 750; baseline 0.011 -48"><span class='ocrx_word' id='word_1_19' title='bbox 688 655 769 708; x_wconf 82' lang='lat' dir='ltr'>ram</span> <span class='ocrx_word' id='word_1_20' title='bbox 793 655 878 726; x_wconf 90' lang='lat' dir='ltr'>rege</span> <span class='ocrx_word' id='word_1_21' title='bbox 900 631 1048 724; x_wconf 88' lang='lat' dir='ltr'>David,</span> <span class='ocrx_word' id='word_1_22' title='bbox 1068 645 1112 706; x_wconf 93' lang='lat' dir='ltr'>ut</span> <span class='ocrx_word' id='word_1_23' title='bbox 1138 632 1240 707; x_wconf 84' lang='lat' dir='ltr'>filius</span> <span class='ocrx_word' id='word_1_24' title='bbox 1270 631 1443 706; x_wconf 86' lang='lat' dir='ltr'>Salomon</span> <span class='ocrx_word' id='word_1_25' title='bbox 1464 641 1550 726; x_wconf 77' lang='lat' dir='ltr'>post</span> <span class='ocrx_word' id='word_1_26' title='bbox 1569 631 1680 708; x_wconf 92' lang='lat' dir='ltr'>illum</span> <span class='ocrx_word' id='word_1_27' title='bbox 1705 662 1861 750; x_wconf 79' lang='lat' dir='ltr'>regnare</span> <span class='ocrx_word' id='word_1_28' title='bbox 1885 643 2045 724; x_wconf 81' lang='lat' dir='ltr'><strong>deberet.</strong></span> 
     </span>
     <span class='ocr_line' id='line_1_4' title="bbox 492 725 2047 838; baseline 0.005 -42"><span class='ocrx_word' id='word_1_29' title='bbox 492 759 518 814; x_wconf 71' lang='lat'>3,</span> <span class='ocrx_word' id='word_1_30' title='bbox 532 757 596 828; x_wconf 55' lang='lat' dir='ltr'>a„</span> <span class='ocrx_word' id='word_1_31' title='bbox 609 751 636 806; x_wconf 72' lang='lat' dir='ltr'>a.</span> <span class='ocrx_word' id='word_1_32' title='bbox 736 725 906 800; x_wconf 86' lang='lat' dir='ltr'>Duarum</span> <span class='ocrx_word' id='word_1_33' title='bbox 934 729 1135 802; x_wconf 87' lang='lat' dir='ltr'>mulierum</span> <span class='ocrx_word' id='word_1_34' title='bbox 1159 752 1283 804; x_wconf 87' lang='lat' dir='ltr'>coram</span> <span class='ocrx_word' id='word_1_35' title='bbox 1310 728 1504 801; x_wconf 86' lang='lat' dir='ltr'>Salomone</span> <span class='ocrx_word' id='word_1_36' title='bbox 1526 731 1838 808; x_wconf 78' lang='lat' dir='ltr'>contendentium</span> <span class='ocrx_word' id='word_1_37' title='bbox 1863 737 1929 812; x_wconf 82' lang='lat' dir='ltr'>illa</span> <span class='ocrx_word' id='word_1_38' title='bbox 1948 767 2047 838; x_wconf 78' lang='lat' dir='ltr'>pm..</span> 
     </span>
     <span class='ocr_line' id='line_1_5' title="bbox 688 820 2052 936; baseline 0.015 -43"><span class='ocrx_word' id='word_1_39' title='bbox 688 820 820 894; x_wconf 89' lang='lat' dir='ltr'>denter</span> <span class='ocrx_word' id='word_1_40' title='bbox 841 835 878 896; x_wconf 87' lang='lat' dir='ltr'>et</span> <span class='ocrx_word' id='word_1_41' title='bbox 906 824 966 920; x_wconf 91' lang='lat' dir='ltr'>pie</span> <span class='ocrx_word' id='word_1_42' title='bbox 991 825 1206 921; x_wconf 85' lang='lat' dir='ltr'>respondit,</span> <span class='ocrx_word' id='word_1_43' title='bbox 1228 849 1314 921; x_wconf 76' lang='lat' dir='ltr'>quae</span> <span class='ocrx_word' id='word_1_44' title='bbox 1341 822 1441 898; x_wconf 82' lang='lat' dir='ltr'><strong>dixit</strong></span> <span class='ocrx_word' id='word_1_45' title='bbox 1476 822 1642 900; x_wconf 81' lang='lat' dir='ltr'><strong>Obsecro</strong></span> <span class='ocrx_word' id='word_1_46' title='bbox 1666 838 1725 924; x_wconf 90' lang='lat' dir='ltr'>te,</span> <span class='ocrx_word' id='word_1_47' title='bbox 1751 831 1933 932; x_wconf 85' lang='lat' dir='ltr'>Domine,</span> <span class='ocrx_word' id='word_1_48' title='bbox 1956 837 2052 936; x_wconf 42' lang='lat' dir='ltr'>date„</span> 
     </span>
     <span class='ocr_line' id='line_1_6' title="bbox 687 917 1120 996; baseline -0.005 -2"><span class='ocrx_word' id='word_1_49' title='bbox 687 917 744 994; x_wconf 87' lang='lat' dir='ltr'>illi</span> <span class='ocrx_word' id='word_1_50' title='bbox 764 917 948 992; x_wconf 88' lang='lat' dir='ltr'>infantem</span> <span class='ocrx_word' id='word_1_51' title='bbox 973 921 1120 996; x_wconf 90' lang='lat' dir='ltr'>vivum.</span> 
     </span>
     <span class='ocr_line' id='line_1_7' title="bbox 491 1013 2043 1118; baseline 0.005 -30"><span class='ocrx_word' id='word_1_52' title='bbox 491 1036 519 1092; x_wconf 78' lang='lat' dir='ltr'>a.</span> <span class='ocrx_word' id='word_1_53' title='bbox 536 1037 599 1106; x_wconf 77' lang='lat' dir='ltr'>aeg.</span> <span class='ocrx_word' id='word_1_54' title='bbox 615 1051 654 1087; x_wconf 82' lang='grc' dir='ltr'>ιο.</span> <span class='ocrx_word' id='word_1_55' title='bbox 736 1018 871 1109; x_wconf 84' lang='lat' dir='ltr'>Magna</span> <span class='ocrx_word' id='word_1_56' title='bbox 899 1016 1080 1111; x_wconf 80' lang='lat' dir='ltr'>sapientia</span> <span class='ocrx_word' id='word_1_57' title='bbox 1106 1015 1182 1091; x_wconf 81' lang='lat' dir='ltr'>fuit</span> <span class='ocrx_word' id='word_1_58' title='bbox 1206 1015 1249 1090; x_wconf 89' lang='lat' dir='ltr'>in</span> <span class='ocrx_word' id='word_1_59' title='bbox 1273 1017 1402 1113; x_wconf 85' lang='lat' dir='ltr'>regina</span> <span class='ocrx_word' id='word_1_60' title='bbox 1426 1013 1543 1112; x_wconf 84' lang='lat' dir='ltr'>Saba,</span> <span class='ocrx_word' id='word_1_61' title='bbox 1568 1015 1673 1115; x_wconf 88' lang='lat' dir='ltr'>quod</span> <span class='ocrx_word' id='word_1_62' title='bbox 1692 1017 1775 1118; x_wconf 85' lang='lat' dir='ltr'>ipsa</span> <span class='ocrx_word' id='word_1_63' title='bbox 1789 1026 1896 1104; x_wconf 87' lang='lat' dir='ltr'>venit</span> <span class='ocrx_word' id='word_1_64' title='bbox 1914 1026 2043 1104; x_wconf 70' lang='lat' dir='ltr'>audire</span> 
     </span>
     <span class='ocr_line' id='line_1_8' title="bbox 502 1109 1151 1205; baseline 0.005 -24"><span class='ocrx_word' id='word_1_65' title='bbox 502 1147 504 1152; x_wconf 89' lang='lat'><em>·</em></span> <span class='ocrx_word' id='word_1_66' title='bbox 688 1109 905 1205; x_wconf 81' lang='lat' dir='ltr'>sapientiam</span> <span class='ocrx_word' id='word_1_67' title='bbox 935 1111 1151 1184; x_wconf 87' lang='lat' dir='ltr'>Salomonis.</span> 
     </span>
     <span class='ocr_line' id='line_1_9' title="bbox 492 1204 2042 1313; baseline 0.01 -34"><span class='ocrx_word' id='word_1_68' title='bbox 492 1225 595 1297; x_wconf 56' lang='lat' dir='ltr'>anu.</span> <span class='ocrx_word' id='word_1_69' title='bbox 608 1223 635 1294; x_wconf 77' lang='lat' dir='ltr'>t.</span> <span class='ocrx_word' id='word_1_70' title='bbox 737 1204 873 1278; x_wconf 86' lang='lat' dir='ltr'>Mulier</span> <span class='ocrx_word' id='word_1_71' title='bbox 901 1205 1105 1280; x_wconf 81' lang='lat' dir='ltr'>sunamitis</span> <span class='ocrx_word' id='word_1_72' title='bbox 1142 1205 1291 1304; x_wconf 79' lang='lat' dir='ltr'><strong>hospita</strong></span> <span class='ocrx_word' id='word_1_73' title='bbox 1321 1205 1447 1280; x_wconf 83' lang='lat' dir='ltr'>Elisaei</span> <span class='ocrx_word' id='word_1_74' title='bbox 1476 1207 1684 1306; x_wconf 84' lang='lat' dir='ltr'>prudenter</span> <span class='ocrx_word' id='word_1_75' title='bbox 1709 1209 1869 1290; x_wconf 78' lang='lat' dir='ltr'>adhaesit</span> <span class='ocrx_word' id='word_1_76' title='bbox 1891 1219 1947 1313; x_wconf 89' lang='lat' dir='ltr'>ei,</span> <span class='ocrx_word' id='word_1_77' title='bbox 1972 1241 2042 1294; x_wconf 87' lang='lat' dir='ltr'>nec</span> 
     </span>
     <span class='ocr_line' id='line_1_10' title="bbox 689 1300 2042 1402; baseline 0.011 -27"><span class='ocrx_word' id='word_1_78' title='bbox 689 1300 813 1375; x_wconf 90' lang='lat' dir='ltr'>voluit</span> <span class='ocrx_word' id='word_1_79' title='bbox 825 1327 912 1376; x_wconf 90' lang='lat' dir='ltr'>eum</span> <span class='ocrx_word' id='word_1_80' title='bbox 929 1301 1117 1378; x_wconf 74' lang='lat' dir='ltr'>dimittere</span> <span class='ocrx_word' id='word_1_81' title='bbox 1135 1315 1287 1402; x_wconf 89' lang='lat' dir='ltr'>propter</span> <span class='ocrx_word' id='word_1_82' title='bbox 1302 1302 1425 1396; x_wconf 82' lang='lat' dir='ltr'>Giezi,</span> <span class='ocrx_word' id='word_1_83' title='bbox 1446 1301 1565 1378; x_wconf 90' lang='lat' dir='ltr'>donec</span> <span class='ocrx_word' id='word_1_84' title='bbox 1580 1303 1665 1400; x_wconf 84' lang='lat' dir='ltr'>ejus</span> <span class='ocrx_word' id='word_1_85' title='bbox 1677 1305 1799 1380; x_wconf 85' lang='lat' dir='ltr'>filium</span> <span class='ocrx_word' id='word_1_86' title='bbox 1815 1313 2042 1390; x_wconf 76' lang='lat' dir='ltr'>suscitasset.</span> 
     </span>
     <span class='ocr_line' id='line_1_11' title="bbox 493 1395 2042 1502; baseline 0.011 -35"><span class='ocrx_word' id='word_1_87' title='bbox 493 1413 522 1484; x_wconf 71' lang='lat' dir='ltr'>t.</span> <span class='ocrx_word' id='word_1_88' title='bbox 534 1415 598 1484; x_wconf 68' lang='lat' dir='ltr'>neg.</span> <span class='ocrx_word' id='word_1_89' title='bbox 611 1427 654 1465; x_wconf 68' lang='grc' dir='ltr'>αι.</span> <span class='ocrx_word' id='word_1_90' title='bbox 737 1395 856 1471; x_wconf 91' lang='lat' dir='ltr'>Holda</span> <span class='ocrx_word' id='word_1_91' title='bbox 878 1397 1099 1495; x_wconf 86' lang='lat' dir='ltr'>prophetes,</span> <span class='ocrx_word' id='word_1_92' title='bbox 1120 1425 1221 1474; x_wconf 77' lang='lat' dir='ltr'>uxor</span> <span class='ocrx_word' id='word_1_93' title='bbox 1243 1399 1408 1492; x_wconf 81' lang='lat' dir='ltr'>Selium,</span> <span class='ocrx_word' id='word_1_94' title='bbox 1430 1399 1572 1472; x_wconf 87' lang='lat' dir='ltr'>Josiam</span> <span class='ocrx_word' id='word_1_95' title='bbox 1592 1425 1722 1499; x_wconf 81' lang='lat' dir='ltr'>regem</span> <span class='ocrx_word' id='word_1_96' title='bbox 1740 1403 1985 1502; x_wconf 70' lang='lat' dir='ltr'>confortavit,</span> <span class='ocrx_word' id='word_1_97' title='bbox 2001 1423 2042 1485; x_wconf 89' lang='lat' dir='ltr'>et</span> 
     </span>
     <span class='ocr_line' id='line_1_12' title="bbox 686 1491 2005 1594; baseline 0.005 -30"><span class='ocrx_word' id='word_1_98' title='bbox 686 1491 829 1588; x_wconf 85' lang='lat' dir='ltr'>populo</span> <span class='ocrx_word' id='word_1_99' title='bbox 852 1494 949 1567; x_wconf 85' lang='lat' dir='ltr'>mala</span> <span class='ocrx_word' id='word_1_100' title='bbox 977 1509 1139 1569; x_wconf 88' lang='lat' dir='ltr'>ventura</span> <span class='ocrx_word' id='word_1_101' title='bbox 1168 1507 1319 1592; x_wconf 88' lang='lat' dir='ltr'>propter</span> <span class='ocrx_word' id='word_1_102' title='bbox 1343 1520 1473 1568; x_wconf 89' lang='lat' dir='ltr'>eorum</span> <span class='ocrx_word' id='word_1_103' title='bbox 1494 1507 1643 1591; x_wconf 86' lang='lat' dir='ltr'>peccata</span> <span class='ocrx_word' id='word_1_104' title='bbox 1671 1495 1854 1594; x_wconf 72' lang='lat' dir='ltr'>predixit.</span> <span class='ocrx_word' id='word_1_105' title='bbox 2002 1525 2005 1532; x_wconf 92' lang='lat'>·</span> 
     </span>
     <span class='ocr_line' id='line_1_13' title="bbox 490 1588 2032 1688; baseline 0.008 -28"><span class='ocrx_word' id='word_1_106' title='bbox 490 1603 560 1657; x_wconf 74' lang='lat' dir='ltr'>rob·</span> <span class='ocrx_word' id='word_1_107' title='bbox 581 1599 608 1652; x_wconf 79' lang='lat'>³·</span> <span class='ocrx_word' id='word_1_108' title='bbox 737 1590 829 1662; x_wconf 85' lang='lat' dir='ltr'>Sara</span> <span class='ocrx_word' id='word_1_109' title='bbox 856 1588 935 1663; x_wconf 89' lang='lat' dir='ltr'>filia</span> <span class='ocrx_word' id='word_1_110' title='bbox 969 1592 1140 1688; x_wconf 85' lang='lat' dir='ltr'>Raguelis</span> <span class='ocrx_word' id='word_1_111' title='bbox 1172 1591 1330 1664; x_wconf 83' lang='lat' dir='ltr'>discrete</span> <span class='ocrx_word' id='word_1_112' title='bbox 1362 1602 1400 1664; x_wconf 88' lang='lat' dir='ltr'>et</span> <span class='ocrx_word' id='word_1_113' title='bbox 1432 1588 1567 1665; x_wconf 87' lang='lat' dir='ltr'>devote</span> <span class='ocrx_word' id='word_1_114' title='bbox 1587 1593 1706 1666; x_wconf 86' lang='lat' dir='ltr'>oravit</span> <span class='ocrx_word' id='word_1_115' title='bbox 1734 1591 1958 1688; x_wconf 88' lang='lat' dir='ltr'>Dominum,</span> <span class='ocrx_word' id='word_1_116' title='bbox 1985 1605 2032 1672; x_wconf 88' lang='lat' dir='ltr'>ut</span> 
     </span>
     <span class='ocr_line' id='line_1_14' title="bbox 687 1681 1998 1786; baseline 0.003 -32"><span class='ocrx_word' id='word_1_117' title='bbox 687 1681 867 1758; x_wconf 87' lang='lat' dir='ltr'>liberaret</span> <span class='ocrx_word' id='word_1_118' title='bbox 890 1711 969 1760; x_wconf 88' lang='lat' dir='ltr'>eam</span> <span class='ocrx_word' id='word_1_119' title='bbox 997 1686 1044 1760; x_wconf 89' lang='lat' dir='ltr'>de</span> <span class='ocrx_word' id='word_1_120' title='bbox 1065 1685 1311 1786; x_wconf 88' lang='lat' dir='ltr'>improperio,</span> <span class='ocrx_word' id='word_1_121' title='bbox 1338 1685 1439 1783; x_wconf 92' lang='lat' dir='ltr'>quod</span> <span class='ocrx_word' id='word_1_122' title='bbox 1456 1685 1618 1760; x_wconf 85' lang='lat' dir='ltr'>audierat</span> <span class='ocrx_word' id='word_1_123' title='bbox 1643 1686 1690 1759; x_wconf 89' lang='lat' dir='ltr'>ab</span> <span class='ocrx_word' id='word_1_124' title='bbox 1714 1685 1857 1760; x_wconf 88' lang='lat' dir='ltr'>aneilla.</span> <span class='ocrx_word' id='word_1_125' title='bbox 1993 1727 1998 1743; x_wconf 87' lang='lat'>·</span> 
     </span>
     <span class='ocr_line' id='line_1_15' title="bbox 490 1778 2037 1879; baseline 0.006 -29"><span class='ocrx_word' id='word_1_126' title='bbox 490 1778 595 1834; x_wconf 70' lang='lat' dir='ltr'>tuith.</span> <span class='ocrx_word' id='word_1_127' title='bbox 610 1780 644 1832; x_wconf 65' lang='lat' dir='ltr'>*b</span> <span class='ocrx_word' id='word_1_128' title='bbox 737 1780 867 1854; x_wconf 86' lang='lat' dir='ltr'>Miram</span> <span class='ocrx_word' id='word_1_129' title='bbox 890 1781 1129 1879; x_wconf 81' lang='lat' dir='ltr'>prudentiam</span> <span class='ocrx_word' id='word_1_130' title='bbox 1151 1797 1188 1857; x_wconf 93' lang='lat' dir='ltr'>et</span> <span class='ocrx_word' id='word_1_131' title='bbox 1211 1781 1457 1856; x_wconf 79' lang='lat' dir='ltr'>constantiam</span> <span class='ocrx_word' id='word_1_132' title='bbox 1479 1781 1638 1855; x_wconf 88' lang='lat' dir='ltr'>ostendit</span> <span class='ocrx_word' id='word_1_133' title='bbox 1660 1779 1794 1854; x_wconf 81' lang='lat' dir='ltr'>iudith</span> <span class='ocrx_word' id='word_1_134' title='bbox 1812 1781 2037 1878; x_wconf 84' lang='lat' dir='ltr'>alloquendo</span> 
     </span>
     <span class='ocr_line' id='line_1_16' title="bbox 525 1849 2015 1975; baseline 0.002 -26"><span class='ocrx_word' id='word_1_135' title='bbox 525 1849 555 1966; x_wconf 61' lang='lat' dir='ltr'>f·</span> <span class='ocrx_word' id='word_1_136' title='bbox 575 1863 655 1966; x_wconf 58' lang='grc' dir='ltr'>’Ψ</span> <span class='ocrx_word' id='word_1_137' title='bbox 687 1901 737 1972; x_wconf 88' lang='lat' dir='ltr'>po</span> <span class='ocrx_word' id='word_1_138' title='bbox 764 1875 894 1971; x_wconf 64' lang='lat' dir='ltr'>mum,</span> <span class='ocrx_word' id='word_1_139' title='bbox 921 1891 958 1951; x_wconf 87' lang='lat' dir='ltr'>et</span> <span class='ocrx_word' id='word_1_140' title='bbox 981 1875 1199 1975; x_wconf 91' lang='lat' dir='ltr'>decipiendo</span> <span class='ocrx_word' id='word_1_141' title='bbox 1219 1875 1461 1952; x_wconf 85' lang='lat' dir='ltr'>Holofernem</span> <span class='ocrx_word' id='word_1_142' title='bbox 1481 1889 1560 1950; x_wconf 89' lang='lat' dir='ltr'>tam</span> <span class='ocrx_word' id='word_1_143' title='bbox 1580 1889 1770 1974; x_wconf 91' lang='lat' dir='ltr'>potentem</span> <span class='ocrx_word' id='word_1_144' title='bbox 1792 1888 2015 1974; x_wconf 82' lang='lat' dir='ltr'>tyranuum.</span> 
     </span>
     <span class='ocr_line' id='line_1_17' title="bbox 735 1901 2040 2072; baseline 0.005 -29"><span class='ocrx_word' id='word_1_145' title='bbox 735 1901 873 2046; x_wconf 64' lang='lat' dir='ltr'>Vsther</span> <span class='ocrx_word' id='word_1_146' title='bbox 893 1998 979 2047; x_wconf 92' lang='lat' dir='ltr'>cum</span> <span class='ocrx_word' id='word_1_147' title='bbox 1005 1999 1140 2070; x_wconf 85' lang='lat' dir='ltr'>magna</span> <span class='ocrx_word' id='word_1_148' title='bbox 1161 1972 1304 2046; x_wconf 89' lang='lat' dir='ltr'>cautela</span> <span class='ocrx_word' id='word_1_149' title='bbox 1329 1971 1418 2046; x_wconf 83' lang='lat' dir='ltr'>fecit</span> <span class='ocrx_word' id='word_1_150' title='bbox 1444 1973 1662 2070; x_wconf 88' lang='lat' dir='ltr'>petitionem</span> <span class='ocrx_word' id='word_1_151' title='bbox 1687 1995 1817 2061; x_wconf 84' lang='lat' dir='ltr'>suam,</span> <span class='ocrx_word' id='word_1_152' title='bbox 1838 1985 2040 2072; x_wconf 81' lang='lat' dir='ltr'>postquam</span> 
     </span>
     <span class='ocr_line' id='line_1_18' title="bbox 687 2066 1921 2177; baseline 0.001 -38"><span class='ocrx_word' id='word_1_153' title='bbox 687 2090 809 2162; x_wconf 89' lang='lat' dir='ltr'>regem</span> <span class='ocrx_word' id='word_1_154' title='bbox 834 2069 881 2141; x_wconf 90' lang='lat' dir='ltr'>ad</span> <span class='ocrx_word' id='word_1_155' title='bbox 929 2069 1105 2144; x_wconf 87' lang='lat' dir='ltr'>randium</span> <span class='ocrx_word' id='word_1_156' title='bbox 1137 2071 1394 2160; x_wconf 82' lang='lat' dir='ltr'>invitaverat,</span> <span class='ocrx_word' id='word_1_157' title='bbox 1429 2081 1466 2141; x_wconf 92' lang='lat' dir='ltr'>et</span> <span class='ocrx_word' id='word_1_158' title='bbox 1498 2067 1559 2141; x_wconf 89' lang='lat' dir='ltr'>ille</span> <span class='ocrx_word' id='word_1_159' title='bbox 1580 2069 1674 2170; x_wconf 72' lang='lat' dir='ltr'>vino</span> <span class='ocrx_word' id='word_1_160' title='bbox 1703 2066 1921 2177; x_wconf 80' lang='lat' dir='ltr'>incaluerat.</span> 
     </span>
    </p>

    <p class='ocr_par' dir='ltr' id='par_1_3' title="bbox 590 2095 2040 2359">
     <span class='ocr_line' id='line_1_19' title="bbox 590 2095 2040 2261; baseline 0.007 -29"><span class='ocrx_word' id='word_1_161' title='bbox 590 2207 598 2224; x_wconf 86' lang='lat'><em>·</em></span> <span class='ocrx_word' id='word_1_162' title='bbox 734 2095 928 2252; x_wconf 68' lang='lat' dir='ltr'>Elisabetd</span> <span class='ocrx_word' id='word_1_163' title='bbox 951 2177 1071 2240; x_wconf 91' lang='lat' dir='ltr'>mater</span> <span class='ocrx_word' id='word_1_164' title='bbox 1091 2165 1247 2240; x_wconf 85' lang='lat' dir='ltr'>Joannis</span> <span class='ocrx_word' id='word_1_165' title='bbox 1268 2163 1444 2261; x_wconf 73' lang='lat' dir='ltr'>Baptista</span> <span class='ocrx_word' id='word_1_166' title='bbox 1460 2164 1616 2237; x_wconf 90' lang='lat' dir='ltr'>discrete</span> <span class='ocrx_word' id='word_1_167' title='bbox 1637 2173 1814 2260; x_wconf 76' lang='lat' dir='ltr'>cognovit</span> <span class='ocrx_word' id='word_1_168' title='bbox 1831 2163 2040 2242; x_wconf 87' lang='lat' dir='ltr'>adventum</span> 
     </span>
     <span class='ocr_line' id='line_1_20' title="bbox 684 2255 1823 2359; baseline 0.001 -30"><span class='ocrx_word' id='word_1_169' title='bbox 684 2255 807 2330; x_wconf 82' lang='lat' dir='ltr'>Beatae</span> <span class='ocrx_word' id='word_1_170' title='bbox 829 2259 1019 2356; x_wconf 87' lang='lat' dir='ltr'>Virginis,</span> <span class='ocrx_word' id='word_1_171' title='bbox 1036 2274 1073 2335; x_wconf 87' lang='lat' dir='ltr'>et</span> <span class='ocrx_word' id='word_1_172' title='bbox 1102 2262 1221 2359; x_wconf 87' lang='lat' dir='ltr'>ipsam</span> <span class='ocrx_word' id='word_1_173' title='bbox 1244 2272 1402 2334; x_wconf 85' lang='lat' dir='ltr'>matrem</span> <span class='ocrx_word' id='word_1_174' title='bbox 1424 2259 1577 2333; x_wconf 91' lang='lat' dir='ltr'>Domini</span> <span class='ocrx_word' id='word_1_175' title='bbox 1597 2259 1823 2334; x_wconf 89' lang='lat' dir='ltr'>nominavit.</span> 
     </span>
    </p>

    <p class='ocr_par' dir='ltr' id='par_1_4' title="bbox 590 2353 2040 2646">
     <span class='ocr_line' id='line_1_21' title="bbox 590 2353 2037 2468; baseline 0.006 -46"><span class='ocrx_word' id='word_1_176' title='bbox 590 2403 599 2422; x_wconf 91' lang='lat'><strong>.</strong></span> <span class='ocrx_word' id='word_1_177' title='bbox 732 2353 826 2428; x_wconf 84' lang='lat' dir='ltr'>Tam</span> <span class='ocrx_word' id='word_1_178' title='bbox 847 2356 1029 2452; x_wconf 88' lang='lat' dir='ltr'>tacendo,</span> <span class='ocrx_word' id='word_1_179' title='bbox 1051 2382 1162 2455; x_wconf 88' lang='lat' dir='ltr'>quam</span> <span class='ocrx_word' id='word_1_180' title='bbox 1186 2354 1374 2454; x_wconf 89' lang='lat' dir='ltr'>loquendo</span> <span class='ocrx_word' id='word_1_181' title='bbox 1388 2367 1490 2454; x_wconf 87' lang='lat' dir='ltr'>patet</span> <span class='ocrx_word' id='word_1_182' title='bbox 1502 2355 1654 2442; x_wconf 82' lang='lat' dir='ltr'>Beatam</span> <span class='ocrx_word' id='word_1_183' title='bbox 1673 2354 1863 2468; x_wconf 75' lang='lat' dir='ltr'>Virginem</span> <span class='ocrx_word' id='word_1_184' title='bbox 1880 2355 2037 2432; x_wconf 74' lang='lat' dir='ltr'>Mariam</span> 
     </span>
     <span class='ocr_line' id='line_1_22' title="bbox 685 2449 2040 2550; baseline 0.003 -28"><span class='ocrx_word' id='word_1_185' title='bbox 685 2449 908 2528; x_wconf 87' lang='lat' dir='ltr'>mirabiliter</span> <span class='ocrx_word' id='word_1_186' title='bbox 922 2451 1039 2528; x_wconf 87' lang='lat' dir='ltr'>fuisse</span> <span class='ocrx_word' id='word_1_187' title='bbox 1054 2453 1288 2550; x_wconf 87' lang='lat' dir='ltr'>prudentem.</span> <span class='ocrx_word' id='word_1_188' title='bbox 1306 2449 1479 2525; x_wconf 91' lang='lat' dir='ltr'>Tacendo</span> <span class='ocrx_word' id='word_1_189' title='bbox 1497 2451 1667 2548; x_wconf 88' lang='lat' dir='ltr'>quidem,</span> <span class='ocrx_word' id='word_1_190' title='bbox 1690 2475 1781 2546; x_wconf 77' lang='lat' dir='ltr'>quia</span> <span class='ocrx_word' id='word_1_191' title='bbox 1796 2477 1913 2548; x_wconf 81' lang='lat' dir='ltr'>pauca</span> <span class='ocrx_word' id='word_1_192' title='bbox 1923 2454 2040 2530; x_wconf 85' lang='lat' dir='ltr'>verba</span> 
     </span>
     <span class='ocr_line' id='line_1_23' title="bbox 685 2543 2036 2646; baseline 0.004 -30"><span class='ocrx_word' id='word_1_193' title='bbox 685 2544 827 2617; x_wconf 88' lang='lat' dir='ltr'>dixisse</span> <span class='ocrx_word' id='word_1_194' title='bbox 855 2547 1060 2624; x_wconf 86' lang='lat' dir='ltr'>invenitur.</span> <span class='ocrx_word' id='word_1_195' title='bbox 1090 2549 1232 2622; x_wconf 83' lang='lat' dir='ltr'>locuta</span> <span class='ocrx_word' id='word_1_196' title='bbox 1257 2559 1313 2620; x_wconf 87' lang='lat' dir='ltr'>est</span> <span class='ocrx_word' id='word_1_197' title='bbox 1339 2570 1426 2620; x_wconf 88' lang='lat' dir='ltr'>cum</span> <span class='ocrx_word' id='word_1_198' title='bbox 1448 2543 1588 2642; x_wconf 88' lang='lat' dir='ltr'>Angelo</span> <span class='ocrx_word' id='word_1_199' title='bbox 1622 2548 1781 2622; x_wconf 88' lang='lat' dir='ltr'>discrete</span> <span class='ocrx_word' id='word_1_200' title='bbox 1814 2548 2036 2646; x_wconf 74' lang='lat' dir='ltr'>quaerendo,</span> 
     </span>
    </p>

    <p class='ocr_par' dir='ltr' id='par_1_5' title="bbox 481 2639 2042 3988">
     <span class='ocr_line' id='line_1_24' title="bbox 551 2639 2032 2742; baseline 0.005 -33"><span class='ocrx_word' id='word_1_201' title='bbox 551 2667 554 2674; x_wconf 71' lang='grc'>’</span> <span class='ocrx_word' id='word_1_202' title='bbox 685 2651 724 2710; x_wconf 90' lang='lat' dir='ltr'>et</span> <span class='ocrx_word' id='word_1_203' title='bbox 745 2639 950 2718; x_wconf 86' lang='lat' dir='ltr'>&#39;discretius</span> <span class='ocrx_word' id='word_1_204' title='bbox 983 2641 1261 2742; x_wconf 86' lang='lat' dir='ltr'>acquiescendo.</span> <span class='ocrx_word' id='word_1_205' title='bbox 1295 2641 1493 2734; x_wconf 88' lang='lat' dir='ltr'>Quomodo</span> <span class='ocrx_word' id='word_1_206' title='bbox 1527 2641 1593 2716; x_wconf 90' lang='lat' dir='ltr'>fiet</span> <span class='ocrx_word' id='word_1_207' title='bbox 1618 2643 1719 2718; x_wconf 86' lang='lat' dir='ltr'>istud</span> <span class='ocrx_word' id='word_1_208' title='bbox 1755 2641 1785 2730; x_wconf 47' lang='grc'>7,</span> <span class='ocrx_word' id='word_1_209' title='bbox 1799 2645 1918 2736; x_wconf 87' lang='lat' dir='ltr'>item,</span> <span class='ocrx_word' id='word_1_210' title='bbox 1947 2667 2032 2716; x_wconf 88' lang='lat' dir='ltr'>ecce</span> 
     </span>
     <span class='ocr_line' id='line_1_25' title="bbox 611 2735 2027 2836; baseline 0.003 -30"><span class='ocrx_word' id='word_1_211' title='bbox 611 2765 617 2780; x_wconf 92' lang='lat'><strong>·</strong></span> <span class='ocrx_word' id='word_1_212' title='bbox 683 2735 819 2809; x_wconf 80' lang='lat' dir='ltr'>ancilla</span> <span class='ocrx_word' id='word_1_213' title='bbox 851 2740 1014 2814; x_wconf 90' lang='lat' dir='ltr'>Domini.</span> <span class='ocrx_word' id='word_1_214' title='bbox 1047 2742 1143 2813; x_wconf 91' lang='lat' dir='ltr'>Item</span> <span class='ocrx_word' id='word_1_215' title='bbox 1171 2763 1259 2813; x_wconf 90' lang='lat' dir='ltr'>oum</span> <span class='ocrx_word' id='word_1_216' title='bbox 1293 2751 1421 2812; x_wconf 82' lang='lat' dir='ltr'>sancta</span> <span class='ocrx_word' id='word_1_217' title='bbox 1451 2738 1642 2828; x_wconf 80' lang='lat' dir='ltr'>Elisabeth</span> <span class='ocrx_word' id='word_1_218' title='bbox 1672 2741 1788 2836; x_wconf 87' lang='lat' dir='ltr'>ipsam</span> <span class='ocrx_word' id='word_1_219' title='bbox 1822 2736 2027 2812; x_wconf 83' lang='lat' dir='ltr'>salutando.</span> 
     </span>
     <span class='ocr_line' id='line_1_26' title="bbox 682 2831 2027 2932; baseline 0.002 -31"><span class='ocrx_word' id='word_1_220' title='bbox 682 2832 733 2902; x_wconf 90' lang='lat' dir='ltr'>Et</span> <span class='ocrx_word' id='word_1_221' title='bbox 748 2845 856 2924; x_wconf 90' lang='lat' dir='ltr'>nota,</span> <span class='ocrx_word' id='word_1_222' title='bbox 882 2836 983 2932; x_wconf 90' lang='lat' dir='ltr'>quod</span> <span class='ocrx_word' id='word_1_223' title='bbox 1004 2849 1087 2932; x_wconf 90' lang='lat' dir='ltr'>post</span> <span class='ocrx_word' id='word_1_224' title='bbox 1107 2835 1236 2909; x_wconf 91' lang='lat' dir='ltr'>laudes</span> <span class='ocrx_word' id='word_1_225' title='bbox 1258 2859 1320 2906; x_wconf 89' lang='lat' dir='ltr'>ma</span> <span class='ocrx_word' id='word_1_226' title='bbox 1371 2857 1436 2926; x_wconf 90' lang='lat' dir='ltr'>as,</span> <span class='ocrx_word' id='word_1_227' title='bbox 1489 2859 1557 2908; x_wconf 88' lang='lat' dir='ltr'>uas</span> <span class='ocrx_word' id='word_1_228' title='bbox 1578 2833 1763 2909; x_wconf 85' lang='lat' dir='ltr'>Elisabeth</span> <span class='ocrx_word' id='word_1_229' title='bbox 1784 2831 1901 2927; x_wconf 84' lang='lat' dir='ltr'>dixit,</span> <span class='ocrx_word' id='word_1_230' title='bbox 1927 2831 2027 2904; x_wconf 90' lang='lat' dir='ltr'>nihil</span> 
     </span>
     <span class='ocr_line' id='line_1_27' title="bbox 606 2861 2029 3026; baseline 0.004 -30"><span class='ocrx_word' id='word_1_231' title='bbox 606 2937 616 2956; x_wconf 84' lang='lat'><em>·</em></span> <span class='ocrx_word' id='word_1_232' title='bbox 685 2926 721 2996; x_wconf 87' lang='lat' dir='ltr'>ei</span> <span class='ocrx_word' id='word_1_233' title='bbox 749 2923 887 3000; x_wconf 89' lang='lat' dir='ltr'>directe</span> <span class='ocrx_word' id='word_1_234' title='bbox 916 2931 1128 3026; x_wconf 86' lang='lat' dir='ltr'>respondit,</span> <span class='ocrx_word' id='word_1_235' title='bbox 1158 2930 1223 3004; x_wconf 87' lang='lat' dir='ltr'>sed</span> <span class='ocrx_word' id='word_1_236' title='bbox 1249 2929 1295 3002; x_wconf 84' lang='lat' dir='ltr'>ad</span> <span class='ocrx_word' id='word_1_237' title='bbox 1340 2861 1555 3003; x_wconf 77' lang='lat' dir='ltr'>sudandum</span> <span class='ocrx_word' id='word_1_238' title='bbox 1582 2930 1781 3004; x_wconf 91' lang='lat' dir='ltr'>Dominum</span> <span class='ocrx_word' id='word_1_239' title='bbox 1802 2955 1840 3002; x_wconf 90' lang='lat' dir='ltr'>se</span> <span class='ocrx_word' id='word_1_240' title='bbox 1868 2953 2029 3006; x_wconf 91' lang='lat' dir='ltr'>conver-</span> 
     </span>
     <span class='ocr_line' id='line_1_28' title="bbox 684 3019 1775 3122; baseline 0.005 -30"><span class='ocrx_word' id='word_1_241' title='bbox 684 3019 760 3111; x_wconf 85' lang='lat' dir='ltr'>tit,</span> <span class='ocrx_word' id='word_1_242' title='bbox 782 3019 908 3097; x_wconf 88' lang='lat' dir='ltr'>dicens</span> <span class='ocrx_word' id='word_1_243' title='bbox 931 3047 939 3095; x_wconf 77' lang='grc' dir='ltr'><em>τ</em></span> <span class='ocrx_word' id='word_1_244' title='bbox 967 3025 1178 3122; x_wconf 85' lang='lat' dir='ltr'>Magnifioat</span> <span class='ocrx_word' id='word_1_245' title='bbox 1205 3027 1330 3099; x_wconf 84' lang='lat' dir='ltr'>anima</span> <span class='ocrx_word' id='word_1_246' title='bbox 1350 3050 1433 3098; x_wconf 89' lang='lat' dir='ltr'>mea</span> <span class='ocrx_word' id='word_1_247' title='bbox 1452 3026 1678 3121; x_wconf 88' lang='lat' dir='ltr'>Dominum,</span> <span class='ocrx_word' id='word_1_248' title='bbox 1704 3039 1775 3098; x_wconf 86' lang='lat' dir='ltr'>eto·</span> 
     </span>
     <span class='ocr_line' id='line_1_29' title="bbox 510 3118 2035 3219; baseline 0.002 -30"><span class='ocrx_word' id='word_1_249' title='bbox 510 3137 547 3198; x_wconf 62' lang='grc' dir='ltr'>π,</span> <span class='ocrx_word' id='word_1_250' title='bbox 590 3154 598 3171; x_wconf 88' lang='grc'>·</span> <span class='ocrx_word' id='word_1_251' title='bbox 730 3118 824 3190; x_wconf 90' lang='lat' dir='ltr'>Item</span> <span class='ocrx_word' id='word_1_252' title='bbox 862 3119 988 3195; x_wconf 84' lang='lat' dir='ltr'>locuta</span> <span class='ocrx_word' id='word_1_253' title='bbox 1015 3123 1090 3196; x_wconf 81' lang='lat' dir='ltr'>tuit</span> <span class='ocrx_word' id='word_1_254' title='bbox 1128 3147 1215 3196; x_wconf 89' lang='lat' dir='ltr'>cum</span> <span class='ocrx_word' id='word_1_255' title='bbox 1239 3121 1354 3215; x_wconf 78' lang='lat' dir='ltr'>filio,</span> <span class='ocrx_word' id='word_1_256' title='bbox 1391 3123 1516 3219; x_wconf 92' lang='lat' dir='ltr'>ipsum</span> <span class='ocrx_word' id='word_1_257' title='bbox 1553 3121 1713 3197; x_wconf 87' lang='lat' dir='ltr'>dulciter</span> <span class='ocrx_word' id='word_1_258' title='bbox 1745 3119 2035 3218; x_wconf 84' lang='lat' dir='ltr'>interrogando:</span> 
     </span>
     <span class='ocr_line' id='line_1_30' title="bbox 536 3205 2029 3318; baseline 0.003 -34"><span class='ocrx_word' id='word_1_259' title='bbox 536 3205 565 3240; x_wconf 80' lang='lat'>¹¹·</span> <span class='ocrx_word' id='word_1_260' title='bbox 607 3219 616 3238; x_wconf 79' lang='lat'>⁸</span> <span class='ocrx_word' id='word_1_261' title='bbox 682 3211 780 3307; x_wconf 87' lang='lat' dir='ltr'>Fili,</span> <span class='ocrx_word' id='word_1_262' title='bbox 810 3215 902 3311; x_wconf 87' lang='lat' dir='ltr'>&#39;quid</span> <span class='ocrx_word' id='word_1_263' title='bbox 920 3216 1041 3292; x_wconf 89' lang='lat' dir='ltr'>fecisti</span> <span class='ocrx_word' id='word_1_264' title='bbox 1063 3220 1173 3292; x_wconf 91' lang='lat' dir='ltr'>nobis</span> <span class='ocrx_word' id='word_1_265' title='bbox 1197 3219 1250 3290; x_wconf 91' lang='lat' dir='ltr'>sio</span> <span class='ocrx_word' id='word_1_266' title='bbox 1266 3217 1286 3289; x_wconf 80' lang='lat' dir='ltr'>l</span> <span class='ocrx_word' id='word_1_267' title='bbox 1300 3230 1368 3291; x_wconf 90' lang='lat' dir='ltr'>eto.</span> <span class='ocrx_word' id='word_1_268' title='bbox 1391 3221 1439 3302; x_wconf 86' lang='lat' dir='ltr'>Et</span> <span class='ocrx_word' id='word_1_269' title='bbox 1453 3246 1522 3318; x_wconf 94' lang='lat' dir='ltr'>pro</span> <span class='ocrx_word' id='word_1_270' title='bbox 1542 3217 1766 3294; x_wconf 86' lang='lat' dir='ltr'>verecundis</span> <span class='ocrx_word' id='word_1_271' title='bbox 1784 3218 2029 3316; x_wconf 80' lang='lat' dir='ltr'>pauperibus:</span> 
     </span>
     <span class='ocr_line' id='line_1_31' title="bbox 617 3307 1219 3405; baseline 0.007 -25"><span class='ocrx_word' id='word_1_272' title='bbox 617 3342 624 3366; x_wconf 54' lang='lat' dir='ltr'><em>s</em></span> <span class='ocrx_word' id='word_1_273' title='bbox 681 3307 826 3382; x_wconf 89' lang='lat' dir='ltr'>Vinum</span> <span class='ocrx_word' id='word_1_274' title='bbox 851 3337 929 3384; x_wconf 84' lang='lat' dir='ltr'>non</span> <span class='ocrx_word' id='word_1_275' title='bbox 959 3312 1100 3386; x_wconf 86' lang='lat' dir='ltr'>habent</span> <span class='ocrx_word' id='word_1_276' title='bbox 1115 3366 1126 3405; x_wconf 93' lang='lat'>,</span> <span class='ocrx_word' id='word_1_277' title='bbox 1157 3313 1219 3384; x_wconf 87' lang='lat' dir='ltr'>ait.</span> 
     </span>
     <span class='ocr_line' id='line_1_32' title="bbox 486 3403 2031 3526; baseline 0.003 -50"><span class='ocrx_word' id='word_1_278' title='bbox 486 3414 550 3469; x_wconf 72' lang='lat' dir='ltr'>Ine·</span> <span class='ocrx_word' id='word_1_279' title='bbox 570 3433 597 3486; x_wconf 72' lang='grc' dir='ltr'>ς.</span> <span class='ocrx_word' id='word_1_280' title='bbox 729 3405 846 3477; x_wconf 85' lang='lat' dir='ltr'>Maria</span> <span class='ocrx_word' id='word_1_281' title='bbox 866 3407 1081 3506; x_wconf 88' lang='lat' dir='ltr'>Magdalena</span> <span class='ocrx_word' id='word_1_282' title='bbox 1100 3407 1210 3484; x_wconf 85' lang='lat' dir='ltr'>valde</span> <span class='ocrx_word' id='word_1_283' title='bbox 1257 3408 1435 3484; x_wconf 89' lang='lat' dir='ltr'>rudenter</span> <span class='ocrx_word' id='word_1_284' title='bbox 1459 3412 1588 3526; x_wconf 83' lang='lat' dir='ltr'>agebat</span> <span class='ocrx_word' id='word_1_285' title='bbox 1608 3412 1651 3486; x_wconf 93' lang='lat' dir='ltr'>in</span> <span class='ocrx_word' id='word_1_286' title='bbox 1678 3437 1745 3505; x_wconf 88' lang='lat' dir='ltr'>eo,</span> <span class='ocrx_word' id='word_1_287' title='bbox 1772 3406 1872 3507; x_wconf 92' lang='lat' dir='ltr'>quod</span> <span class='ocrx_word' id='word_1_288' title='bbox 1897 3403 1944 3518; x_wconf 84' lang='lat' dir='ltr'>ad</span> <span class='ocrx_word' id='word_1_289' title='bbox 1962 3425 2031 3504; x_wconf 82' lang='lat' dir='ltr'>pe·</span> 
     </span>
     <span class='ocr_line' id='line_1_33' title="bbox 484 3435 2035 3622; baseline 0.001 -49"><span class='ocrx_word' id='word_1_290' title='bbox 484 3483 645 3622; x_wconf 46' lang='grc' dir='ltr'>ᾓξξὼ“ζ·7</span> <span class='ocrx_word' id='word_1_291' title='bbox 679 3499 745 3574; x_wconf 87' lang='lat' dir='ltr'>des</span> <span class='ocrx_word' id='word_1_292' title='bbox 771 3501 923 3576; x_wconf 88' lang='lat' dir='ltr'>Domini</span> <span class='ocrx_word' id='word_1_293' title='bbox 949 3529 988 3579; x_wconf 86' lang='lat' dir='ltr'>se</span> <span class='ocrx_word' id='word_1_294' title='bbox 1019 3505 1190 3602; x_wconf 86' lang='lat' dir='ltr'>ponebat.</span> <span class='ocrx_word' id='word_1_295' title='bbox 1216 3435 1275 3578; x_wconf 70' lang='lat' dir='ltr'>id</span> <span class='ocrx_word' id='word_1_296' title='bbox 1299 3505 1410 3604; x_wconf 90' lang='lat' dir='ltr'>pedes</span> <span class='ocrx_word' id='word_1_297' title='bbox 1436 3535 1536 3582; x_wconf 90' lang='lat' dir='ltr'>enun</span> <span class='ocrx_word' id='word_1_298' title='bbox 1557 3509 1708 3582; x_wconf 89' lang='lat' dir='ltr'>Domini</span> <span class='ocrx_word' id='word_1_299' title='bbox 1729 3509 2035 3616; x_wconf 69' lang='lat' dir='ltr'>impetravitve-</span> 
     </span>
     <span class='ocr_line' id='line_1_34' title="bbox 678 3597 2031 3698; baseline -0.001 -28"><span class='ocrx_word' id='word_1_300' title='bbox 678 3597 782 3670; x_wconf 89' lang='lat' dir='ltr'>niam</span> <span class='ocrx_word' id='word_1_301' title='bbox 807 3624 875 3695; x_wconf 87' lang='lat' dir='ltr'>pro</span> <span class='ocrx_word' id='word_1_302' title='bbox 902 3627 970 3696; x_wconf 85' lang='lat' dir='ltr'>se,</span> <span class='ocrx_word' id='word_1_303' title='bbox 1002 3601 1121 3677; x_wconf 86' lang='lat' dir='ltr'>vitam</span> <span class='ocrx_word' id='word_1_304' title='bbox 1147 3627 1215 3696; x_wconf 91' lang='lat' dir='ltr'>pro</span> <span class='ocrx_word' id='word_1_305' title='bbox 1244 3601 1381 3695; x_wconf 87' lang='lat' dir='ltr'>fratre,</span> <span class='ocrx_word' id='word_1_306' title='bbox 1407 3603 1580 3680; x_wconf 88' lang='lat' dir='ltr'>audiebat</span> <span class='ocrx_word' id='word_1_307' title='bbox 1600 3603 1771 3679; x_wconf 88' lang='lat' dir='ltr'>divinam</span> <span class='ocrx_word' id='word_1_308' title='bbox 1799 3610 2031 3698; x_wconf 77' lang='lat' dir='ltr'>septentiam</span> 
     </span>
     <span class='ocr_line' id='line_1_35' title="bbox 678 3693 1804 3776; baseline 0.005 -14"><span class='ocrx_word' id='word_1_309' title='bbox 678 3693 789 3763; x_wconf 84' lang='lat' dir='ltr'>Luoae</span> <span class='ocrx_word' id='word_1_310' title='bbox 817 3720 869 3766; x_wconf 83' lang='grc' dir='ltr'>ιο.</span> <span class='ocrx_word' id='word_1_311' title='bbox 896 3699 945 3769; x_wconf 87' lang='lat' dir='ltr'>Et</span> <span class='ocrx_word' id='word_1_312' title='bbox 971 3697 1147 3772; x_wconf 83' lang='lat' dir='ltr'>exhibuit</span> <span class='ocrx_word' id='word_1_313' title='bbox 1170 3695 1320 3770; x_wconf 87' lang='lat' dir='ltr'>Christo</span> <span class='ocrx_word' id='word_1_314' title='bbox 1348 3697 1521 3776; x_wconf 87' lang='lat' dir='ltr'>devotam</span> <span class='ocrx_word' id='word_1_315' title='bbox 1544 3699 1804 3776; x_wconf 84' lang='lat' dir='ltr'>reverentiam.</span> 
     </span>
     <span class='ocr_line' id='line_1_36' title="bbox 481 3787 2042 3896; baseline 0 -30"><span class='ocrx_word' id='word_1_316' title='bbox 481 3792 579 3847; x_wconf 55' lang='lat'>¹¹⁸³&amp;-</span> <span class='ocrx_word' id='word_1_317' title='bbox 599 3809 641 3866; x_wconf 63' lang='grc' dir='ltr'>η·</span> <span class='ocrx_word' id='word_1_318' title='bbox 728 3787 841 3860; x_wconf 81' lang='lat' dir='ltr'>Uxor</span> <span class='ocrx_word' id='word_1_319' title='bbox 875 3791 1008 3887; x_wconf 82' lang='lat' dir='ltr'>Pilati,</span> <span class='ocrx_word' id='word_1_320' title='bbox 1038 3793 1131 3874; x_wconf 88' lang='lat' dir='ltr'>dum</span> <span class='ocrx_word' id='word_1_321' title='bbox 1167 3793 1293 3872; x_wconf 91' lang='lat' dir='ltr'>locuta</span> <span class='ocrx_word' id='word_1_322' title='bbox 1325 3805 1381 3872; x_wconf 89' lang='lat' dir='ltr'>est</span> <span class='ocrx_word' id='word_1_323' title='bbox 1412 3797 1470 3896; x_wconf 89' lang='lat' dir='ltr'>ei,</span> <span class='ocrx_word' id='word_1_324' title='bbox 1502 3810 1540 3873; x_wconf 90' lang='lat' dir='ltr'>et</span> <span class='ocrx_word' id='word_1_325' title='bbox 1565 3797 1600 3872; x_wconf 89' lang='lat' dir='ltr'>si</span> <span class='ocrx_word' id='word_1_326' title='bbox 1623 3795 1766 3872; x_wconf 79' lang='lat' dir='ltr'>Pilatus</span> <span class='ocrx_word' id='word_1_327' title='bbox 1791 3789 2042 3886; x_wconf 78' lang='lat' dir='ltr'>credidisset,</span> 
     </span>
     <span class='ocr_line' id='line_1_37' title="bbox 674 3880 1044 3988; baseline 0.022 -31"><span class='ocrx_word' id='word_1_328' title='bbox 674 3880 879 3979; x_wconf 82' lang='lat' dir='ltr'>prudenter</span> <span class='ocrx_word' id='word_1_329' title='bbox 903 3889 1044 3988; x_wconf 83' lang='lat' dir='ltr'>egisset.</span> 
     </span>
    </p>
   </div>
   <div class='ocr_carea' id='block_1_3' title="bbox 0 0 2254 5462">
    <p class='ocr_par' dir='ltr' id='par_1_6' title="bbox 0 0 2254 5462">
     <span class='ocr_line' id='line_1_38' title="bbox 0 0 2254 5462; baseline 0 4"><span class='ocrx_word' id='word_1_330' title='bbox 0 0 2254 5462; x_wconf 95' lang='lat' dir='ltr'> </span> 
     </span>
    </p>
   </div>
  </div>
 </body>
</html>
