4452 5462
719 525 804 631 334
892 527 1154 618 TITULUS
1192 509 1946 618 chxx11tvze1ustnttseretust

527 756 619 811 auor.
632 752 658 804 ⁵·
769 751 866 826 Cum
894 753 1116 827 afferrentur
1142 754 1189 826 de
1219 751 1434 828 civitatibus
1467 743 1604 820 vicinis
1637 741 1779 818 diversi
1806 747 1967 843 infirmi,
1991 766 2025 825 et
2042 775 2066 828 a·
2168 789 2169 800 ¹

721 847 831 920 Petro
866 860 1109 940 curarentur,
1139 872 1325 942 exurgens
1358 844 1529 940 princeps
1556 837 1815 935 sacerdotum,
1843 855 1885 918 et
1923 871 2060 945 omnes,

723 942 790 1036 qui
821 968 908 1016 curn
938 942 1003 1013 illo
1033 956 1162 1031 erant,
1191 941 1322 1036 repleti
1344 951 1434 1011 sunt
1459 935 1550 1010 zelo.

526 1035 663 1112 Act-'⁸4
771 1037 977 1110 AEmulator
1002 1049 1081 1108 erat
1097 1049 1336 1134 paternarum
1358 1031 1604 1105 traditionum
1630 1027 1772 1104 Paulus
1796 1057 1913 1131 supra
1937 1037 2062 1111 multos

723 1145 927 1206 coaetaneos
955 1157 1065 1226 suos,
1092 1131 1243 1228 quando
1276 1129 1492 1205 devastabat
1511 1123 1744 1218 Ecclesiam,
1775 1153 1843 1225 per
1865 1131 1988 1205 domos
2007 1137 2059 1207 in-

723 1240 851 1320 trans,
879 1239 915 1300 et
936 1226 1090 1302 trahens
1110 1229 1212 1302 vitos
1243 1251 1285 1298 ao
1313 1223 1504 1312 mulieres,
1534 1233 1572 1292 et
1596 1219 1768 1296 tradebat
1789 1226 1831 1297 in
1858 1227 2056 1301 custodiam.

724 1323 837 1397 Unde
858 1324 997 1420 accepit
1028 1323 1153 1396 literas
1178 1349 1200 1395 a
1220 1321 1387 1419 principe
1403 1316 1634 1425 sacerdotum
1658 1317 1707 1389 ad
1727 1343 1968 1417 synagogam,
1981 1347 2056 1419 quat

726 1431 805 1491 erat
826 1419 1024 1510 Damasci,
1055 1431 1101 1491 ut
1130 1421 1162 1491 si
1193 1442 1288 1514 quos
1307 1414 1496 1488 inveniret
1513 1411 1590 1501 iba,
1616 1414 1685 1506 qui
1705 1415 1918 1490 invocarent
1932 1441 2052 1490 nomen

727 1513 888 1606 Christi,
915 1519 1063 1589 vinctos
1085 1513 1303 1610 perduceret
1321 1513 1364 1584 in
1388 1505 1605 1581 Jerusalem.

526 1633 618 1690 actos
632 1633 674 1686 13.
774 1610 953 1682 Videntes
976 1609 1120 1701 ludaei,
1146 1605 1247 1705 quod
1278 1631 1372 1702 pene
1399 1604 1577 1676 universa
1602 1601 1729 1677 civitas
1749 1617 1958 1676 convenerat
1977 1629 2043 1674 an-

726 1704 806 1776 dire
830 1707 990 1780 verbum
1012 1705 1104 1791 Dei,
1126 1701 1382 1808 quodPaulus
1401 1695 1634 1770 etBamabas
1675 1693 2037 1861 ωεὶῇοαδαηῑωζὶεῑί

723 1799 987 1980 ἓῖῑέξῃέἔῖἓεθῐ
1014 1789 1316 1864 contradicebant
1335 1817 1408 1886 ns,
1432 1814 1517 1887 quas
1541 1816 1564 1863 a
1586 1791 1638 1866 Pa
1678 1789 1950 1881 odtoebantur,
1982 1789 2041 1863 lm-

531 1991 625 2044 aar.
636 2001 673 2039 ²¹·
772 1979 950 2054 Venienti
975 1979 1246 2079 lerosolymam
1269 1979 1413 2070 Paolot
1430 1979 1612 2054 dixerunt
1643 1984 1678 2056 ei
1695 1981 1826 2056 fratres
1845 2007 1853 2050 ε
1871 1981 1965 2071 Quot
1981 1975 2052 2050 mil-

724 2074 775 2150 lia
804 2087 894 2149 sunt
922 2077 962 2149 in
984 2074 1146 2169 Judaeis,
1174 2077 1241 2171 qui
1264 2073 1503 2186 erediderunt
1529 2072 1602 2149 tet
1620 2103 1749 2152 omnes
1768 2076 1987 2150 emulatores
2005 2073 2054 2144 le·

530 2188 608 2240 nom.
624 2203 665 2242 ιο.
725 2172 781 2281 gis
808 2183 912 2283 sunt..
941 2172 989 2244 Et
1011 2171 1057 2244 de
1079 2169 1216 2246 talibus
1235 2170 1326 2282 dicat
1347 2170 1487 2283 Paulus
1511 2197 1518 2241 :
1541 2171 1813 2247 Testimonium
1830 2169 2056 2270 quidemper-

723 2265 839 2438 habes⁸
860 2265 1079 2440 alhs,·qutc}d
1096 2266 1376 2346 summationem
1398 2265 1551 2365 qurdem
1569 2268 1819 2368 usitabant,
1845 2265 1907 2344 sed
1919 2289 1992 2342 non
2007 2286 2058 2342 aas

724 2385 799 2438 cun
827 2385 892 2440 um
923 2385 1024 2440 scaen
1055 2386 1126 2440 am.
