4502 5484
284 461 568 556 'TITULUS
604 460 652 548 Π.
678 461 956 550 Α11511555115
987 483 1031 547 51
1063 463 1293 550 Sobrietas.
1464 461 1488 543 Β
1552 397 1587 413 '⁸

142 703 220 766 rete
238 689 392 786 plenum
407 688 551 782 magnis
573 685 736 782 piscibus
758 699 795 759 et
820 687 866 758 de
884 688 1048 782 piscibus
1078 688 1153 764 illis
1181 690 1284 764 dedit
1307 689 1491 761 Dominus

137 783 329 880 discipulis
360 784 448 856 suis.
486 781 628 890 Populo
654 793 780 854 autem
810 781 966 854 Judaico
997 797 1177 881 tauquam
1209 784 1348 858 carnali
1378 793 1415 854 et
1444 783 1491 854 de

141 903 251 990 earne
282 879 447 972 curanti,
465 874 566 950 dedit
584 877 683 947 Deus
702 900 829 950 carnes
853 876 899 949 ad
916 879 1160 974 vescendum,
1180 879 1268 992 licet
1289 881 1331 952 in
1348 877 1491 950 malum

143 999 350 1144 lplilirsllum
375 1068 475 1144 valet
502 1065 742 1158 abstinentia,
769 1067 909 1141 adhoc
932 1071 1032 1165 quod
1057 1071 1171 1142 homo
1191 1071 1309 1165 possit
1335 1069 1490 1164 vigilare
1510 1061 1607 1118 111111·
1630 1063 1673 1116 ²⁶·

139 1161 286 1236 facibus
303 1175 340 1236 et
358 1189 473 1237 orare.
495 1159 589 1232 Nam
611 1171 692 1254 post
709 1185 854 1236 coenam
869 1166 1076 1260 increpavit
1092 1167 1275 1238 Dominus
1291 1165 1491 1260 discipulos
1511 1136 1657 1250 fflc'f'ssff'

140 1283 248 1348 suos,
270 1257 416 1329 dicens:
448 1255 532 1325 Non
557 1253 709 1346 potestis
738 1283 817 1326 una
837 1259 931 1325 hora
957 1260 1111 1346 vigilare
1136 1255 1313 1329 mecum?
1512 1265 1651 1330 115511·

191 1351 360 1424 Salvator
386 1359 527 1438 noster,
556 1349 664 1442 cujus
694 1351 791 1416 actio
818 1360 874 1418 est
899 1360 1027 1420 nostra
1056 1349 1274 1437 instructio,
1297 1375 1495 1443 nunquam
1513 1375 1591 1428 1555.
1616 1389 1663 1422 51.

141 1447 279 1542 legitur
309 1469 437 1517 carnes
460 1439 678 1532 comedisse,
695 1439 771 1510 nisi
792 1437 838 1510 de
861 1467 956 1536 agno
977 1441 1156 1516 Paschali.
1184 1445 1238 1514 De
1264 1446 1363 1539 pisce
1385 1469 1495 1538 vero,

144 1542 216 1615 sibi
249 1538 359 1612 allato
385 1533 778 1626 admanducandum,
807 1537 976 1613 comedit.

194 1635 346 1708 Mittens
363 1634 546 1706 Dominus
573 1627 774 1726 discipulos
799 1630 845 1702 ad
871 1633 1151 1728 praedicandum
1168 1633 1285 1708 dixit:
1308 1633 1353 1705 In
1366 1657 1499 1729 quam·
1515 1644 1580 1704 Luc·
1601 1657 1648 1693 ιο·

145 1757 294 1826 cunque
325 1730 479 1802 domum
506 1728 738 1802 intraveritis
760 1739 834 1819 etc,
853 1726 1003 1802 edentes
1027 1742 1064 1802 et
1086 1730 1270 1818 bibentes,
1319 1753 1377 1801 uae
1397 1731 1499 1826 apud

144 1825 227 1900 illos
263 1839 361 1898 sunt.
392 1827 471 1898 Hoc
497 1833 574 1915 est,
601 1835 645 1896 ut
672 1835 795 1895 essent
821 1827 988 1898 contenti
1010 1826 1177 1917 cibariis,
1200 1849 1285 1921 quae
1330 1825 1499 1919 aberent,

143 1944 223 1995 non
244 1923 390 1994 curiose
424 1919 497 1993 alia
526 1931 747 2016 quaererent.
1118 1987 1120 1994 ,

193 2013 289 2088 Cum
324 2016 481 2088 esuriret
507 2015 641 2089 Petrus
664 2015 706 2086 in
729 2013 839 2087 domo
857 2015 1018 2090 Simonis
1045 2017 1213 2108 coriarii,
1234 2015 1366 2088 cecidit
1389 2041 1501 2113 super
1518 2051 1579 2104 Act.
1597 2067 1638 2101 10,

144 2135 232 2183 eum
267 2113 403 2182 mentis
441 2135 638 2202 excessus,
675 2119 712 2180 et
742 2109 841 2180 vidit
878 2111 1015 2183 coelum
1052 2124 1221 2206 apertum
1253 2123 1321 2182 etc.
1351 2114 1397 2182 In
1426 2138 1502 2206 qua

145 2207 258 2276 etiam
278 2205 424 2275 visione
443 2203 566 2274 oblata
585 2216 675 2275 sunt
699 2203 771 2273 sibi
790 2204 983 2296 animalia,
1007 2204 1210 2278 secundum
1235 2207 1353 2298 legem
1371 2207 1500 2278 vetita.

147 2295 225 2378 Qui
250 2294 439 2358 comedere
465 2296 615 2374 renuit,
636 2297 832 2375 quamvis,
858 2309 904 2364 ut
930 2295 1072 2368 dictum
1099 2311 1172 2388 est,
1194 2302 1361 2370 esuriret.

195 2383 314 2450 Erant
339 2379 381 2445 in
408 2375 580 2462 ecelesia,
605 2397 691 2464 quae
720 2385 800 2444 erat
820 2375 1047 2470 Antiochiae,
1063 2389 1252 2474 prophetoe
1276 2403 1312 2453 et
1335 2391 1501 2454 doctores
1521 2407 1581 2456 Act.
1604 2406 1645 2458 13.

149 2486 217 2546 etc.
249 2466 550 2542 Ministrantibus
577 2475 701 2536 autem
732 2461 806 2532 11115
835 2468 1020 2554 Domino,
1052 2487 1088 2537 et
1119 2473 1376 2562 jejunantibus
1406 2471 1502 2566 illis,

148 2567 248 2640 dixit
274 2561 347 2635 illis
378 2561 536 2658 Spiritus
561 2568 733 2631 sanctus:
758 2557 948 2650 segregate
978 2559 1072 2634 mihi
1105 2561 1264 2634 Paulum
1291 2575 1358 2634 etc.
1742 2641 1746 2649 ‚

199 2661 468 2732 Convenerunt
498 2653 568 2728 filii
593 2649 708 2724 lsrael
737 2651 778 2723 in
812 2651 988 2747 jejuniis,
1023 2668 1061 2727 et
1092 2658 1133 2730 in
1165 2657 1278 2727 saccis
1316 2670 1352 2729 et
1385 2659 1503 2733 humo
1521 2671 1620 2726 5551.
1639 2692 1676 2742 9..

146 2780 261 2852 super
294 2779 354 2825 eos
389 2763 456 2823 etc.
490 2753 540 2822 Et
570 2759 781 2839 steterunt,
812 2758 849 2818 et
878 2745 1153 2825 confitebantur
1180 2764 1329 2848 peccata
1359 2779 1444 2850 sua,
1466 2768 1503 2828 et

138 2853 316 2948 legerunt
344 2850 386 2922 in
416 2845 611 2921 volumine
645 2843 749 2937 legis.

199 2945 302 3020 Cum
320 2955 416 3016 esset
446 2941 588 3013 factum
615 2938 817 3035 prandium
841 2938 985 3012 bonum
1009 2944 1052 3014 in
1077 2940 1188 3015 domo
1213 2943 1357 3034 Tobiae,
1381 2954 1417 3014 et
1437 2969 1505 3017 au·
1521 2963 1589 3014 Tot.
1607 2978 1633 3015 2.

63 3115 67 3122 ,
147 3041 266 3114 disset
296 3063 417 3112 unum
446 3036 492 3108 de
518 3035 605 3109 filiis
635 3033 750 3106 1515111
779 3033 992 3130 jugulatum
1018 3039 1138 3133 jacere
1160 3039 1202 3110 in
1223 3041 1358 3134 platea,
1379 3042 1504 3114 statim

150 3135 311 3298 53111555
342 3133 388 3206 de
410 3131 584 3205 accubitu
611 3155 701 3224 suo,
723 3127 940 3226 relinquens
968 3131 1190 3226 prandium,
1217 3137 1371 3232 jejunus
1399 3137 1506 3209 venit

149 3254 175 3299 a
231 3253 273 3299 co
318 3253 374 3298 us.
623 3244 633 3258 “

207 3323 262 3391 De
274 3253 412 3412 riieipso
442 3321 600 3418 loquens
628 3319 762 3394 Daniel
789 3321 859 3394 ait:
887 3322 1001 3396 Posui
1035 3321 1168 3396 faciem
1198 3349 1318 3396 1555111
1352 3325 1398 3398 ad
1431 3327 1506 3398 Do-
1523 3355 1643 3422 11159.

150 3417 305 3490 minum
326 3411 466 3502 Deum,
482 3441 615 3509 rogans
638 3430 675 3490 et
695 3413 894 3512 deprecans
915 3420 957 3490 in
979 3421 1154 3515 jejuniis,
1177 3444 1303 3512 55555,
1319 3435 1356 3492 et
1372 3423 1506 3492 cinere.

150 3511 207 3586 Et
235 3523 327 3581 tunc
358 3509 522 3604 percepit
551 3511 742 3602 specialem
779 3511 1046 3586 revelationem
1075 3514 1120 3585 de
1157 3515 1435 3607 incarnatione,
1459 3513 1509 3584 de

101 3676 109 3694 ,
143 3604 324 3706 passione
354 3616 392 3673 et
417 3601 598 3674 occisione
624 3603 763 3674 Christi
796 3615 864 3670 etc.

203 3695 354 3769 Baruch
380 3696 469 3789 legit
491 3695 605 3768 verba
629 3695 716 3768 libri
743 3695 802 3765 sui
825 3691 871 3762 ad
893 3719 1001 3766 aures
1025 3693 1213 3767 Jechoniae
1243 3695 1312 3768 filii
1336 3699 1504 3774 Joachim
1525 3723 1636 3782 Biruch.
1655 3748 1697 3782 1„

140 3793 253 3886 regis
284 3788 413 3902 luda,
427 3803 464 3862 et
487 3791 534 3863 ad
563 3815 670 3862 aures
693 3785 820 3956 populi
858 3789 1041 3896 universi,
1066 3791 1132 3884 qui
1156 3789 1350 3900 audientes
1383 3795 1507 3894 plora.

143 3893 251 3966 bant
283 3895 320 3958 et
344 3887 585 3986 jejunabant,
618 3897 655 3958 et
676 3907 742 3955 ora
768 3894 832 3954 ant
859 3907 901 3963 nr
927 3895 1127 3981 conspectu
1153 3884 1314 3958 Domini.
