4498 5462
723 965 728 977 '
826 959 966 1035 tientiaa
984 955 1109 1028 verbis
1134 952 1223 1024 suis.

826 375 901 456 130
1012 357 1273 452 TITULUS
1300 350 1453 440 LXXI.
1488 347 1780 432 inconstantia
1811 345 2009 458 populi·

822 593 934 654 natus
956 589 992 648 et
1013 575 1208 671 impatiens
1227 571 1324 662 fuit,
1341 565 1442 663 quod
1458 564 1564 638 visus
1585 570 1640 630 est
1658 579 1854 652 procurare
1884 573 2066 636 mortem
2083 571 2158 664 ejus,

824 692 861 752 et
886 672 1054 747 omnium
1077 668 1303 742 ludaeorum.

871 769 1012 842 Videns
1027 763 1142 838 Elihu
1162 762 1263 834 filius
1283 755 1480 842 Barachel‚
1496 747 1596 847 quod
1611 748 1720 818 amici
1735 744 1806 816 Job
1823 744 2074 839 disputantes
2092 783 2158 832 can

826 895 891 958 eo,
912 887 989 935 non
1011 870 1180 954 poterant
1208 880 1296 928 eum
1323 851 1542 925 convincere
1556 839 1747 944 ,ostendit
1766 839 1886 912 multa
1915 843 2033 938 signa
2059 851 2152 946 imp.

660 1095 673 1126 ε
751 1109 760 1122 ·
874 1051 1038 1126 Audiens
1054 1045 1409 1129 Nabuchodonosor,
1426 1035 1527 1134 quod
1545 1032 1633 1108 socii
1645 1029 1807 1103 Danielis
1822 1053 1982 1105 auream
1996 1041 2148 1129 statuam,

690 1337 693 1342 Δ
746 1285 749 1294 .
829 1241 962 1314 adduci
983 1237 1167 1335 praecepit.

826 1173 940 1244 quam
968 1143 1128 1233 fecerat,
1150 1138 1300 1212 adorare
1321 1134 1517 1221 nolebant,
1536 1131 1578 1202 in
1596 1129 1653 1201 ira
1684 1138 1721 1196 et
1749 1125 1875 1196 furore
1897 1151 1969 1200 cos
1994 1155 2099 1202 eoram
2114 1159 2148 1202 se

664 1367 677 1398 a
768 1379 777 1396 ·
874 1333 1039 1408 Audiens
1057 1327 1239 1419 Herodes,
1257 1337 1387 1398 natum
1403 1346 1482 1394 esse
1502 1339 1625 1413 regem
1639 1312 1876 1405 Judaeorum,
1899 1319 2075 1392 turbatus
2091 1335 2142 1412 est,

828 1443 866 1504 et
883 1431 1005 1502 omnis
1026 1421 1283 1518 Hierosolyma
1304 1443 1390 1500 cum
1413 1415 1488 1488 illo.

658 1553 673 1584 u
735 1565 745 1581 ·
876 1521 1139 1594 Discumbente
1156 1516 1315 1586 Domino
1333 1513 1375 1583 in
1391 1511 1501 1583 domo
1522 1503 1709 1594 Matthaei,
1730 1503 2004 1597 murmurabant
2022 1509 2141 1579 Scriba

831 1630 867 1690 et
892 1614 1094 1702 Pharisaei,
1115 1611 1278 1700 dicentes
1300 1606 1347 1676 ad
1368 1601 1567 1697 discipulos
1584 1602 1666 1695 ejus
1684 1623 1692 1666 :
1711 1597 1833 1686 Quare
1854 1619 1929 1668 cum
1946 1604 2141 1689 peccatori-

830 1712 902 1783 bus
920 1721 957 1780 et
975 1705 1181 1801 publicanis
1208 1695 1470 1774 manducatis?
2014 1767 2018 1772 ¹

879 1801 1002 1872 Simile
1021 1799 1182 1870 habetur
1198 1797 1309 1880 Lucae
1332 1795 1385 1866 15.
1403 1796 1521 1866 Erant
1543 1787 1873 1884 appropinquantes
1886 1783 1933 1856 ad
1950 1785 2077 1860 lesum
2088 1815 2135 1884 pu·

832 1895 969 1967 blicani
994 1905 1029 1964 et
1050 1901 1279 1987 peccatores,
1311 1900 1378 1960 etc.

693 2035 764 2072 .1.
881 1992 975 2061 Item
999 1987 1044 2060 de
1073 1983 1225 2057 Zachaeo
1254 1983 1538 2056 murmurabant
1564 1975 1728 2049 dicentes
1748 2000 1756 2043 ε
1776 1975 1881 2064 'Quia
1905 1974 1954 2046 ad
1977 1975 2131 2050 hominen

785 2071 798 2098 ⁸
833 2096 1061 2179 peccatorem
1088 2079 1308 2158 divertisset.

660 2217 676 2266 q
714 2231 754 2264 ι,
880 2177 1009 2268 Frater
1037 2175 1107 2248 filii
1131 2172 1275 2268 prodigi
1301 2169 1459 2243 audiens·
1483 2167 1619 2240 festum
1631 2219 1642 2258 ‚
1658 2162 1758 2260 qnod
1780 2161 1941 2237 faciebat
1963 2178 2052 2262 pater
2067 2167 2127 2236 ado

833 2272 1042 2344 lescentiori
1070 2269 1147 2339 filio
1172 2265 1396 2354 revertenti,
1413 2263 1629 2358 indignatus
1654 2271 1731 2348 est,
1759 2270 1796 2329 et
1827 2259 1975 2333 nolebat
1999 2262 2127 2331 intrcue.

667 2407 680 2440 ι
789 2419 797 2438 .
880 2363 1057 2438 Videntes
1075 2361 1259 2458 principes
1279 2357 1559 2431 sacerdotumet
1576 2355 1705 2428 scribae
1725 2353 1924 2444 miracula,
1937 2379 2010 2448 quar
2021 2353 2127 2423 1]οωί-

831 2485 908 2568 nus
925 2457 1104 2547 faciebat,
1123 2468 1160 2526 et
1184 2452 1567 2548 puerosclamantes,
1587 2449 1762 2522 Hosanna
1785 2445 1865 2520 filio
1888 2445 2015 2541 David,
2030 2445 2127 2540 iudig-

832 2561 1247 2714 natrihqqpstaeietpidentes
1262 2663 1301 2710 se
1315 2663 1381 2732 per
1390 2637 1499 2711 illum
1515 2663 1658 2712 coecum
1667 2650 1813 2726 natum,
1826 2664 1848 2709 a
1861 2639 2018 2712 Domino
2026 2636 2125 2708 illuni·

836 2747 985 2825 natum,
1002 2733 1127 2807 verbis
1144 2729 1350 2804 efficacibus
1366 2732 1569 2824 confutari,
1579 2733 1852 2806 maledixerunt
1870 2735 1906 2806 ei
1920 2747 1956 2806 et
1969 2733 2124 2804 diruunt:

837 2831 896 2900 Tu
913 2828 1115 2922 discipulus
1130 2829 1211 2921 ejus
1228 2826 1292 2917 sis,
1315 2837 1352 2898 et
1366 2828 1407 2898 in
1422 2829 1578 2923 peccatis
1593 2840 1704 2900 natus
1719 2852 1757 2900 es
1773 2837 1893 2920 totus,
1906 2842 1944 2900 et
1958 2819 2124 2898 doersum.

709 2945 723 2978 r
769 2958 776 2972 ·
883 2923 1039 2992 Factum
1060 2930 1116 2991 est
1139 2945 1311 2990 murmur
1337 2921 1550 2992 Graecorum
1578 2921 1754 2995 adversus
1781 2921 1959 3010 Hebraeos,
1982 2945 2022 2988 eo
2045 2913 2129 3013 quod

838 3014 1112 3110 despicerentur
1131 3013 1175 3084 in
1203 3011 1411 3086 ministerio
1430 3013 1646 3110 quotidiano
1668 3012 1795 3091 vidua
1814 3041 1955 3112 eorum,
1969 3022 2028 3086 etc.

1205 3204 1574 3294 TITULUS
1629 3209 1808 3294 LXXI.

1274 3418 1556 3524 inconstantia
1589 3419 1751 3530 populi.

719 3676 768 3738 4·
836 3574 1020 3702 Rediens
1042 3629 1189 3721 Moyses
1208 3625 1254 3698 de
1271 3635 1371 3699 terra
1391 3621 1538 3692 Madian
1561 3623 1604 3691 in
1630 3624 1850 3718 AEgyptum‚
1866 3627 2036 3699 narravit
2049 3622 2133 3695 unna

753 3741 762 3760 ⁹
839 3725 954 3798 verba
974 3723 1146 3808 Domini,
1167 3747 1235 3817 pro
1257 3723 1393 3814 quibus
1418 3718 1567 3788 miserat
1589 3725 1686 3787 eum.
1708 3717 1884 3810 Sequitur
1901 3747 1909 3790 ε
1928 3717 2076 3796 Credidit
2089 3737 2132 3807 pc

837 3818 968 3913 palus,
986 3813 1273 3910 audieruntque,
1289 3813 1390 3910 quod
1406 3807 1668 3885 sanctificasset
1685 3809 1868 3885 Dominus
1887 3813 1989 3891 filios
2002 3807 2133 3895 laudnt

864 3909 947 3981 mni
961 3908 1219 3982 adoraverunt.
1236 3910 1366 3996 Postea
1379 3929 1469 3981 vero
1488 3927 1574 3976 cum
1589 3915 1711 3974 essent
1729 3902 1854 3979 afflicti
1872 3909 1925 3980 ab
1945 3904 2135 3982 exactonbus

837 3936 1056 4092 hamonis,
1067 4001 1247 4074 dixerunt
1265 4003 1387 4098 Moysi
1402 4013 1439 4073 et
1453 4000 1596 4069 Aaron:
1609 3996 1741 4072 Videat
1755 4001 1964 4098 Dominus,
1973 4015 2010 4078 et
2022 3999 2138 4096 iudicet,

837 4100 1016 4192 quoniam
1030 4093 1159 4165 foetere
1178 4095 1314 4170 fecistis
1333 4095 1482 4168 odorem
1493 4104 1661 4165 nostrum
1671 4117 1794 4166 coram
1803 4095 2009 4180 Pharaone
2019 4111 2050 4174 et
2057 4085 2140 4166 senil

835 4193 992 4285 rjus,et
1008 4187 1217 4287 praebuistis
1236 4192 1287 4264 eis
1303 4189 1540 4286 gladiumin
1558 4185 1768 4264 occiderent
1785 4211 1870 4282 nosr
2157 4229 2158 4320 p

2157 4333 2158 4374 l
