4498 5462
373 415 638 510 THULUS
678 415 787 506 CXI.
822 413 1065 506 Mulierum
1103 417 1335 536 sapientiai
1443 411 1524 502 aab

179 648 359 739 faciebat,
379 671 423 719 ro
466 652 607 720 verunt
630 638 763 714 flentes
785 640 958 734 Petrum,
975 657 1021 716 ut
1050 639 1098 714 ad
1126 638 1341 714 defunctam
1372 640 1532 716 veniret:

179 747 229 822 Et
258 753 384 816 motus
436 739 600 836 acrymis
639 761 770 812 eorum
797 738 949 832 Petrus,
982 763 1125 836 ponens
1151 761 1293 834 genua,
1329 736 1473 828 oravit,
1492 745 1532 808 et

180 864 262 912 eam
293 837 499 914 suscitavit.
601 845 605 854 “
977 891 981 898 .
1202 865 1204 870 ·

228 933 372 1007 Exiens
402 930 449 1003 de
489 951 633 1000 carcere
664 927 821 1001 Herodis
853 931 1009 1019 Petrus,
1026 931 1133 1008 venit
1159 927 1207 1001 ad
1235 925 1389 1002 domum
1407 930 1534 1002 Mariae
1554 937 1646 994 Actor·
1660 959 1699 996 n·

181 1033 312 1103 matris
343 1026 499 1100 loannis
518 1078 529 1114 ,
551 1022 620 1117 qui
653 1023 940 1116 cognominatur
977 1031 1149 1118 Marcus,
1175 1024 1244 1096 ubi
1278 1036 1385 1097 erant
1423 1025 1536 1097 multi

181 1124 394 1220 congregati
420 1126 579 1190 orantes.
616 1117 689 1188 Per
716 1115 789 1188 hoc
814 1127 936 1212 patet,
957 1121 1058 1215 piam
1082 1119 1199 1193 fuisse
1224 1130 1261 1191 et
1292 1119 1430 1194 bonam
1455 1145 1537 1194 mu·

180 1217 334 1307 lierem,
358 1228 395 1286 et
422 1211 492 1282 hos
519 1211 610 1281 itam
640 1210 908 1305 discipulorum
938 1215 1101 1288 Domini.
1332 1279 1340 1288 .

182 1406 184 1408 Ι
221 1308 414 1418 -Quaedam
436 1235 572 1377 muller
598 1306 821 1414 purpuraria
836 1309 1011 1399 ,nomine
1037 1309 1175 1408 Lydia,
1190 1309 1342 1382 credens
1370 1310 1417 1383 ad
1443 1317 1704 1408 prae-Aetor.1c.

115 1453 122 1466 ·
183 1405 407 1478 dicationem
434 1399 567 1492 Pauli,
586 1412 622 1472 et
647 1401 835 1493 bapnzata
865 1425 952 1474 cum
983 1402 1095 1477 domo
1122 1405 1210 1497 suri,
1239 1405 1432 1502 deprecata
1457 1419 1538 1500 est,

187 1499 383 1572 dicenszsi
406 1493 603 1593 judiciatis
629 1520 690 1567 me
718 1493 866 1570 fidelem
897 1497 1060 1571 Domino
1088 1524 1172 1571 meo
1195 1525 1298 1589 esse,
1314 1503 1451 1575 intrate
1477 1500 1540 1573 do-

184 1617 288 1665 mum
315 1615 435 1664 meam
459 1602 497 1661 et
519 1601 689 1682 manete,
710 1600 748 1660 et
771 1593 888 1687 coegit
912 1617 1005 1686 nos,
1024 1595 1077 1666 ait
1100 1595 1229 1668 Lucas.
1257 1596 1335 1668 Ubi
1353 1596 1465 1670 etiam
1485 1620 1540 1667 sa-

183 1687 232 1762 tis
245 1687 391 1782 innuit,
402 1682 503 1790 quod
513 1683 689 1760 mulieres
704 1698 875 1784 prompte
892 1699 929 1760 et
944 1687 1079 1764 devote
1095 1688 1256 1765 audiunt
1276 1691 1438 1768 uerbum
1458 1691 1537 1764 Dei.

625 1859 946 1950 TITULUS
995 1865 1119 1953 CXI.

619 2029 849 2118 Mulierum
891 2037 1109 2147 supientia.

189 2169 302 2304 Sara
321 2222 526 2324 prudenter
550 2218 759 2312 intellexit,
773 2220 909 2294 ludum
932 2223 974 2294 in
997 2225 1099 2296 Isaac
1118 2235 1156 2298 et
1178 2223 1333 2298 ismaele
1358 2241 1438 2300 non
1462 2251 1542 2301 esse
1560 2203 1630 2266 ⁰¹³²·
1651 2224 1694 2266 ²¹·

185 2325 355 2492 {munh
371 2329 409 2392 et
423 2315 546 2393 voluit
565 2313 769 2408 Dominus,
785 2326 830 2389 ut
857 2315 1046 2392 Abraham
1075 2318 1324 2416 acquiesceret
1350 2320 1452 2394 illius
1475 2346 1545 2396 vo-

201 2429 334 2495 untatr.

237 2511 400 2587 Rebecca
432 2506 507 2581 fuit
532 2505 644 2582 valde
671 2520 932 2606 argumentosa
959 2509 1006 2583 ad
1054 2508 1329 2602 rocurandum,
1350 2510 1452 2606 quod
1481 2512 1545 2586 Ja-
1563 2501 1631 2556 ⁶²¹²·
1644 2517 1686 2573 ²⁷·

189 2609 260 2683 cob
283 2603 578 2679 benedictionem
616 2628 639 2675 a
663 2615 791 2698 patre,
814 2629 898 2699 quas
929 2531 1135 2679 debelatur
1165 2605 1433 2700 primogenito,
1448 2609 1545 2680 obti-

187 2713 365 2780 neretzet
392 2709 521 2796 postea
551 2697 642 2772 fecit
673 2724 761 2772 eum
792 2711 899 2773 caute
926 2703 1021 2775 iram
1052 2702 1154 2772 Esau
1183 2696 1378 2772 declinare.

235 2794 364 2874 Rahab
392 2794 573 2868 meretrix
607 2793 765 2866 discrete
796 2795 1049 2889 exploratores
1077 2793 1293 2889 abscondit,
1314 2806 1352 2868 et
1380 2822 1454 2894 per¹
1471 2795 1545 2871 hoc
1563 2807 1640 2862 rosus
1659 2826 1685 2862 2·

146 2929 150 2938 ·
188 2916 228 2970 se
258 2907 295 2968 et
325 2904 441 2965 totam
474 2888 629 2962 domm
659 2910 767 2962 suam
795 2887 874 2962 inte
959 2891 1241 2968 'terliberarit
1839 2947 1844 2956 .

236 2990 428 3078 Debbora,
456 3010 558 3058 uxor
596 2983 803 3081 Lapidoth,
821 2986 863 3080 ju
889 2986 1004 3063 icavit
1037 2985 1241 3084 populum,
1264 2996 1301 3058 et
1322 2985 1450 3062 docuit
1475 2987 1548 3060 Ba·
1564 2986 1699 3057 turrea
1809 3059 1815 3064 ,

190 3107 254 3153 rac
291 3082 413 3150 filium
438 3078 657 3184 ,Abinoem,
696 3079 789 3172 qnid
822 3077 991 3156 facturus
1031 3095 1150 3176 esset,
1177 3093 1222 3154 ut
1256 3083 1439 3177 populum
1478 3084 1548 3156 Dei

190 3173 238 3244 dc
265 3193 380 3243 manu
413 3169 542 3239 Sisarae
567 3167 751 3238 hberaret.

241 3263 404 3339 Sollicita
429 3259 506 3332 fuit
528 3255 660 3330 Noemi
687 3269 724 3330 et
746 3269 871 3332 astuta
899 3261 945 3334 ad
974 3261 1129 3335 modmn
1158 3265 1449 3356 inveniendum,
1474 3293 1550 3360 quo
1567 3287 1648 3340 nun.
1671 3304 1698 3342 ι.

192 3359 296 3438 Roth
317 3355 523 3450 alienigena
538 3377 659 3425 nurus
681 3378 750 3426 sua
765 3354 906 3428 nubere
921 3367 1045 3453 posset
1066 3358 1166 3428 Booz
1182 3357 1327 3454 inclyto
1344 3371 1381 3430 et
1396 3363 1549 3454 potenti.
1591 3385 1596 3394 ·

243 3461 362 3532 Mater
387 3446 568 3524 Samuelis
589 3447 699 3519 Anna
721 3446 880 3521 discrete
902 3475 941 3520 se
969 3452 1167 3524 excusavit
1193 3451 1325 3542 abeo,
1370 3450 1446 3526 uod
1470 3451 1553 3524 Heli
1573 3497 1596 3530 ι.
1610 3483 1674 3550 neg.
1694 3501 1718 3536 ι.

198 3549 368 3628 sacerdos
398 3547 433 3618 ei
457 3541 658 3639 imposuit,
714 3539 841 3613 uando
864 3541 986 3616 filium
1009 3568 1032 3613 a
1046 3543 1209 3614 Domino
1240 3557 1322 3638 post
1364 3547 1468 3620 avit,

245 3645 318 3718 Per
350 3639 591 3737 sapientiam,
613 3648 651 3711 et
679 3567 930 3732 eloquentiam
956 3661 1084 3728 suam,
1102 3648 1140 3708 et
1168 3635 1428 3709 liberalitatem
1467 3641 1554 3712 satis
1574 3649 1673 3717 anag.
1689 3651 1731 3706 πᾶ.

198 3738 384 3813 modicam
413 3733 559 3830 Abigail
583 3733 667 3808 viro
700 3755 769 3806 suo
796 3729 914 3807 Nabal
943 3730 1063 3810 vitam
1097 3733 1262 3808 servavit
1276 3785 1287 3825 ,
1302 3743 1339 3804 et
1364 3731 1487 3807 David
1508 3734 1555 3806 ab
1828 3737 1832 3746 '

199 3832 401 3910 homicidio
435 3831 487 3904 im
516 3827 644 3903 edivit.
1322 3825 1327 3834 '

249 3929 399 4028 Sapiens
421 3951 460 3998 m
506 3925 559 3996 ‘er
586 3922 778 3996 Thecuitis
804 3921 960 3998 induxit
984 3921 1106 4000 David
1126 3921 1173 3996 ad
1196 3921 1287 4018 hcc,
1304 3923 1405 4022 quod
1434 3925 1555 4000 filium
1573 3947 1600 3984 ²·
1614 3933 1677 4002 neg.
1692 3933 1735 4002 tl·

202 4048 315 4098 suum
344 4022 507 4095 Absalon
536 4017 688 4094 exulem
725 4030 928 4096 revocaret.
1014 4055 1019 4066 ·

252 4117 454 4191 Obsidente
477 4114 570 4188 Joab
600 4114 790 4189 civitatem
824 4113 1000 4207 Abelam,
1016 4114 1152 4190 mulier
1180 4115 1326 4212 sapiens
1352 4115 1476 4188 taliter
1504 4115 1557 4189 lo-
1573 4143 1600 4182 a.
1613 4129 1676 4199 aeg.
1689 4142 1734 4193 πο,

204 4225 291 4286 cuta
328 4222 384 4286 est
414 4212 469 4303 ei,
487 4221 523 4284 et
582 4209 694 4305 opulo
725 4209 910 4306 civitatis,
932 4209 1033 4308 quod
1065 4210 1127 4284 ille
1160 4237 1248 4288 cum
1281 4211 1407 4288 totius·
1427 4213 1556 4309 patrias

202 4307 367 4386 utilitate
399 4306 446 4382 ab
475 4305 556 4382 obsi
584 4306 666 4380 'one
695 4304 859 4380 recessit.
1380 4309 1386 4324 ⁸
