4498 5462
191 388 196 402 ,
259 301 523 393 TITULUS
556 299 691 428 LXX,
735 299 1010 417 Impatientia
1044 325 1088 389 et
1115 333 1320 392 murmur.
1382 337 1456 421 129

74 543 78 554 ·
171 523 290 594 Prima
311 518 559 593 murmuratio
580 517 744 592 filiorum
762 520 876 593 Israel
897 522 939 594 in
961 520 1105 596 deserto
1126 523 1201 597 fuit
1221 549 1290 620 pro
1311 523 1459 605 defectu
1476 553 1560 607 uxot.
1580 553 1623 609 ις.
1725 505 1730 520 ¹

124 616 239 762 petiis,
261 613 510 689 Muimuravit
531 613 691 710 populus
709 628 839 690 contra
857 621 1036 714 Moysen,
1057 617 1182 692 dicens
1201 645 1209 688 :
1232 619 1332 709 Quid
1354 621 1458 693 bibe·
1543 649 1551 666 ⁶
1620 619 1625 628 '
1667 651 1682 661 ··

119 737 201 788 mus
221 711 233 779 ‘.
264 721 331 782 etc.

169 801 305 878 Deinde
320 829 388 900 pro
403 803 500 894 cibo,
511 808 762 880 murmuravit
773 806 893 879 omnis
907 812 1139 904 congregatio
1151 809 1314 882 filiorum
1330 810 1457 903 lsrael,
1475 827 1558 882 exod.
1576 827 1617 880 ιθ.

117 903 242 976 dicens
265 924 273 968 :
298 897 374 972 Cur
387 895 594 971 induxistis
613 921 685 969 nos
710 900 751 970 iu
773 899 988 994 desertum,
1017 917 1061 975 ut
1078 903 1291 976 occideretis
1309 930 1458 978 omnem
1509 902 1536 948 ⁰²
1553 913 1594 964 ’Φ

117 990 553 1100 nrultitudinemtame?
575 994 669 1063 Item
697 999 969 1087 murmuravit,
990 1009 1187 1092 postquam
1208 998 1357 1072 miserat
1381 1002 1458 1072 Do-
1503 1067 1505 1070 .
1633 1041 1635 1048 ·

117 1092 244 1166 minus
266 1099 497 1174 coturnices,
518 1095 555 1155 et
576 1110 736 1177 manna,
757 1109 833 1180 proe
858 1088 938 1158 sitis
964 1091 1143 1182 angustia.

169 1183 263 1253 Cum
281 1178 491 1273 patiebatur
507 1178 666 1274 populus
687 1177 823 1252 famem
843 1181 885 1252 in
914 1179 1080 1273 deserto,
1102 1207 1187 1255 cum
1208 1207 1399 1257 murmure
1422 1196 1459 1256 et
1476 1198 1583 1260 rodem:

118 1281 171 1350 im
197 1274 349 1344 atientia
370 1271 631 1344 recordabatur
658 1275 849 1366 carnium,
877 1301 970 1384 quas
992 1275 1201 1348 comederat
1221 1278 1262 1346 in
1289 1277 1458 1374 AEgypto.

119 1301 196 1442 sel
209 1367 254 1438 de
269 1364 468 1474 durissima
489 1367 689 1462 servitute,
713 1393 789 1466 qua
802 1370 1101 1464 opprimebatur,
1121 1395 1199 1443 non
1219 1369 1375 1443 faciebat
1391 1373 1460 1443 ali-

116 1484 228 1561 quam
251 1470 487 1537 mentionem.

166 1553 304 1626 Videns
325 1553 510 1649 populus,
532 1555 634 1650 quod
654 1581 797 1630 moram
820 1555 958 1629 faceret
985 1555 1233 1637 descendendi
1264 1557 1310 1630 de
1331 1571 1457 1631 monte
1474 1561 1557 1616 5¹0⁶·
1577 1561 1617 1616 θ’*
1640 1565 1643 1572 “

116 1653 292 1746 Moyses,
313 1661 552 1744 congregatus
571 1649 751 1728 adversus
774 1652 897 1723 Aaron
909 1704 920 1744 ,
942 1651 995 1724 ait
1017 1677 1025 1722 :
1047 1653 1184 1748 Surge,
1213 1665 1251 1725 et
1268 1651 1328 1724 fac
1348 1654 1457 1726 nobis

112 1745 228 1835 Deos,
246 1743 313 1838 qui
338 1767 407 1814 nos
428 1742 647 1837 praecedant.
1017 1806 1026 1824 .

165 1841 300 1910 Ortum
318 1846 373 1907 est
394 1861 566 1910 murmur
583 1840 710 1934 populi
727 1893 737 1932 ,
758 1839 865 1936 quasi
881 1838 1087 1912 dolentium
1098 1864 1175 1948 prae
1192 1839 1316 1913 labore
1328 1851 1457 1913 contra
1474 1855 1554 1912 Num.
1567 1873 1605 1910 ιι.

110 1932 344 2023 Dominum,
376 1942 414 2002 et
440 1954 615 2004 accensus
641 1947 697 2006 est
725 1935 768 2005 in
793 1958 855 2005 eos
883 1935 979 2026 ignis
1002 1933 1176 2022 Domnii,
1202 1945 1239 2004 et
1263 1935 1457 2010 devoravit

108 2040 324 2099 extremam
345 2038 551 2097 castrorum
573 2040 727 2122 partem.
752 2031 801 2102 Et
823 2039 913 2100 nota
932 2027 1213 2122 perversitatem
1230 2027 1381 2100 illorum
1398 2025 1457 2096 di-

106 2121 282 2189 centium
303 2141 311 2184 :
342 2116 590 2222 Recordamur
614 2123 795 2211 piscium,
816 2147 910 2212 quos
936 2119 1217 2192 comedebamus
1237 2122 1280 2193 in
1297 2122 1456 2220 AEgypto

104 2211 250 2306 gratis,
282 2232 369 2281 cum
388 2219 442 2280 1ta
462 2211 544 2280 cars
565 2224 741 2282 emerant.
1076 2221 1079 2232 '

158 2306 252 2376 Post
275 2301 479 2377 terribilem
501 2315 659 2377 mortem
681 2305 774 2378 Core
811 2314 849 2376 et
881 2299 1102 2397 complicum
1124 2327 1308 2396 suorum,
1328 2301 1458 2374 multi·
1475 2307 1555 2362 nun.
1577 2303 1620 2358 ¹0³·

101 2397 206 2472 tudo
226 2396 481 2471 murmuravit
506 2408 635 2471 contra
657 2403 815 2495 Moysen
840 2410 877 2470 et
893 2398 1039 2488 Aaron,
1065 2395 1218 2470 dicens:
1241 2395 1318 2471 Vos
1340 2398 1458 2470 inter-

102 2492 255 2566 fecistis
276 2491 458 2588 populum
482 2491 643 2564 Domini.
1043 2563 1046 2570 ,
1303 2531 1307 2538 ·

159 2590 306 2659 Rursus
324 2598 474 2681 propter
492 2585 678 2660 defectum
703 2587 814 2684 potus
831 2595 870 2658 et
895 2582 1089 2658 fructuum
1111 2597 1458 2676 murmuraverunt,
1477 2589 1557 2642 num.
1576 2605 1618 2640 ²⁰·
1706 2655 1709 2660 ,

99 2695 145 2757 et
163 2685 224 2754 'ur
247 2683 300 2753 ati
311 2687 400 2753 sunt
410 2679 480 2753 filii
495 2681 607 2753 Israel
623 2694 754 2755 contra¹
763 2685 919 2778 Moysen
930 2734 941 2774 ,
954 2678 1000 2749 ad
1015 2703 1130 2774 aquas
1148 2677 1458 2750 contradictionis.

195 2707 304 2849 idere
324 2773 544 2872 Abitophel,
574 2777 674 2872 quod
695 2801 773 2850 non
803 2775 936 2849 fuisset
963 2772 1104 2848 fectum
1130 2776 1241 2868 juxta
1261 2771 1459 2844 eonsilium
1477 2802 1502 2838 π.
1517 2785 1579 2854 neg.
1595 2799 1632 2852 η»

99 2897 248 2962 suum,
267 2872 320 2952 iu,
342 2881 493 2944 tantum
514 2870 711 2966 impatiens
738 2871 813 2944 fuit
828 2869 969 2978 ,quod
993 2867 1145 2941 recessit
1177 2867 1224 2938 ab
1254 2866 1457 2960 Abselone,

97 2979 144 3038 ct
167 2965 298 3050 abiens
317 2967 360 3036 iu
381 2965 536 3036 domum
557 2990 664 3037 suam
681 2991 748 3038 sus
773 2964 884 3037 endto
903 2962 1056 3035 interiit.

158 3055 264 3142 Quia
281 3055 412 3125 durius
428 3056 546 3127 locuti
567 3069 657 3127 sunt
669 3058 739 3129 filii
748 2993 850 3129 luda
862 3081 949 3128 cum
963 3055 1037 3126 illis
1055 3055 1101 3123 de
1122 3054 1249 3126 decem
1264 3056 1457 3146 tribubus,
1475 3072 1500 3109 ²·
1513 3056 1576 3126 1³⁰3·
1590 3069 1632 3106 ²⁰·

98 3156 308 3246 separatus
330 3156 387 3215 est
400 3147 513 3218 Isra'el
530 3172 553 3218 a
565 3149 686 3222 David
705 3163 766 3240 ,et
789 3161 937 3220 secutus
956 3159 1011 3219 est
1027 3144 1157 3217 Sebam
1172 3144 1292 3216 lilium
1310 3145 1456 3228 Bochri.

159 3241 262 3313 Cum
287 3236 446 3308 dixisset
466 3239 600 3312 Tobias
622 3240 668 3310 de
688 3241 824 3334 hoedo,
852 3265 964 3335 quem
984 3238 1171 3310 balantem
1193 3236 1363 3308 audivit:
1391 3236 1458 3308 Vi-
1474 3235 1541 3286 Τὼ
1557 3247 1583 3284 ²·

94 3340 224 3424 dete,
247 3357 294 3406 ne
319 3329 487 3402 furtivus
511 3332 581 3421 sit,
610 3357 710 3406 uxor
729 3337 810 3426 ejus
836 3335 1072 3426 impatienter
1092 3353 1151 3401 res
1177 3327 1298 3414 ondit..

160 3430 256 3498 Sara
271 3425 349 3498 filie
366 3423 537 3516 Raguelis
557 3446 673 3494 uuam
689 3425 734 3494 de
753 3424 895 3494 ancillis
919 3425 996 3495 suis
1015 3445 1118 3516 proc
1160 3445 1207 3514 pa
1223 3421 1457 3510 increpabat,
1474 3423 1540 3474 rau
1559 3424 1584 3474 ³·

94 3535 145 3598 et
160 3519 231 3592 illa
247 3518 360 3589 nimis
369 3516 550 3609 injuriose
565 3515 774 3610 respondit,
790 3515 935 3588 dicens:
953 3514 1122 3608 Amplius
1140 3536 1189 3583 ex
1200 3524 1237 3583 te
1247 3534 1326 3581 non
1336 3511 1458 3581 videa-

92 3639 203 3694 mus
222 3610 343 3682 filium
357 3620 424 3696 aut
439 3608 555 3682 filiam
574 3621 853 3704 superterram,
867 3605 1102 3682 interfectrix
1111 3605 1281 3680 virorum
1295 3615 1456 3675 tuorum.

161 3704 202 3777 N
205 3705 398 3777 unciatum
418 3713 473 3775 est
488 3701 709 3794 Holoferni,
731 3703 832 3800 quod
851 3701 920 3776 filii
935 3702 1049 3778 lsrael
1069 3700 1335 3798 praepartlssent
1355 3723 1394 3769 se
1413 3697 1458 3768 sd
1474 3708 1560 3762 audie
1582 3707 1606 3765 5.

89 3798 390 3892 resistendum,
414 3809 451 3870 et
471 3794 598 3870 furore
613 3799 730 3872 nimio
752 3799 892 3872 exarsit
913 3801 954 3874 in
973 3793 1203 3870 iracundiam
1228 3818 1266 3866 m
1339 3815 1408 3864 am.

159 3896 264 4061 {Item
294 3917 379 3966 eum
408 3891 584 3966 cessasset
606 3891 710 3991 loqui
734 3891 894 3990 Achior,
922 3891 1135 3988 indignatus
1166 3900 1222 3962 est
1244 3884 1458 3986 Hoofemes
1473 3897 1582 3954 Eoum.

88 4017 158 4076 ve
197 3999 373 4062 ementer.
1168 4014 1173 4020 ⁴

87 4065 92 4086 ⁴
156 4083 243 4180 Pro
265 4109 328 4185 eo,
350 4081 449 4184 quod
460 4080 713 4178 Mardocheue
731 4083 854 4166 noluit
872 4057 1023 4167 adorate
1039 4079 1245 4268 Aptaufita
1259 4077 1322 4157 ille
1341 4075 1457 4176 iudig·
1473 4089 1546 4148 uu.
1565 4088 1590 4141 a
