4464 5464
242 425 575 530 naemu.
604 395 844 522 ruentum
874 425 1064 542 oacrum
1096 367 1399 552 aginano:
1424 453 1509 586 ²31

187 653 384 738 Abraham
409 651 625 756 itadilexit
645 651 769 730 filium
789 667 905 730 snum
922 655 1163 752 unigenitum
1187 655 1306 750 Isaac,
1322 664 1369 730 ut
1389 634 1596 730 multones·
1623 675 1666 723 n.

163 752 230 828 lus
257 762 399 828 amaret
424 752 579 828 Deum:
605 776 695 826 uam
719 775 807 828 cum
833 775 857 824 a
881 752 960 826 Deo
981 751 1109 852 jussus
1135 751 1271 830 fuisset
1298 752 1403 828 hunc
1438 752 1511 826 sibi
1640 787 1644 796 ·

138 777 268 928 hum
298 847 515 942 immolare,
548 871 631 924 non
659 847 849 926 dubitavit
880 845 955 924 hoc
982 848 1204 926 mandatum
1233 847 1510 950 promptissime

138 947 295 1044 exeqm.
322 947 412 1024 Fuit
432 947 572 1020 idcirco
591 967 617 1016 a
635 945 716 1018 Deo
739 943 969 1022 benedictus.

190 1045 283 1118 Sara
305 1042 397 1116 adeo
416 1041 493 1114 suit
511 1039 669 1114 sollicita
684 1064 754 1149 pro
775 1039 855 1114 filio
875 1067 946 1117 sno
966 1043 1070 1118 Isaac
1089 1043 1186 1118 bene
1210 1039 1427 1135 educando,
1449 1051 1510 1137 ut,
1527 1051 1597 1110 Gen.
1610 1064 1689 1120 eng.

141 1166 234 1216 cum
254 1138 413 1214 vidisset
433 1133 628 1208 ismaelem
647 1133 770 1208 fihum
788 1137 886 1232 Agar
905 1137 1057 1210 ancillae.
1073 1164 1151 1212 suae
1170 1137 1301 1214 ludere
1323 1163 1411 1212 cum
1431 1135 1511 1212 filio

137 1263 217 1316 suo
244 1234 326 1330 (uti
353 1255 401 1302 ue
430 1229 668 1328 indecenter)
697 1229 839 1305 dixerit
865 1231 913 1306 ad
937 1233 1128 1310 Abraham
1157 1235 1510 1312 maritumsuum:

143 1332 243 1429 ejice
262 1350 347 1418 anca
397 1351 438 1400 m
459 1323 778 1422 hanc,etfiliu1n
802 1329 896 1426 ejus.
932 1389 934 1396 ,
1340 1374 1357 1394 ·.
1498 1361 1500 1368 ’

198 1421 372 1496 Occurrit
396 1422 581 1496 Dominus
604 1421 728 1521 Moysi
754 1421 797 1494 in
825 1423 980 1518 itinere,
1007 1433 1044 1498 et
1066 1419 1191 1501 voluit
1216 1425 1383 1502 occidere
1407 1451 1513 1522 eum,
1529 1437 1709 1509 molliet

142 1545 193 1609 po
223 1515 325 1614 quod
345 1515 467 1592 filium
491 1541 603 1592 suum
625 1541 705 1592 non
731 1517 1025 1594 circumcidisset
1051 1523 1165 1618 juxta
1185 1521 1305 1620 legem
1324 1523 1489 1596 Domini.

135 1679 141 1690 .
193 1614 354 1686 Factum
378 1623 435 1688 est
530 1613 603 1686 nde
630 1613 873 1712 miraculum,
895 1628 955 1708 ut,
982 1616 1077 1716 Cure
1107 1631 1308 1714 pereunte,
1332 1617 1404 1698 filii
1431 1620 1512 1716 ejus
1531 1629 1710 1688 naason.
1788 1639 1792 1646 ·

142 1733 222 1785 non
241 1710 420 1806 perirent.'
479 1733 538 1782 am
561 1720 737 1806 peccante
759 1722 880 1808 patre,
902 1711 975 1808 ipsi
1004 1736 1084 1786 non
1111 1727 1382 1814 peccaverunt,
1410 1713 1515 1813 quod

135 1807 247 1880 iuter
268 1801 449 1878 miracula
471 1817 704 1880 numeratur.
1064 1846 1072 1857 ·
1377 1845 1385 1858 -
1537 1861 1546 1878 .
1592 1871 1595 1878 .

137 1962 143 1974 .
196 1897 282 1972 Heli
307 1923 479 1974 summus
495 1899 693 1995 Pontifex,
714 1927 759 1978 eo
775 1899 878 1999 quod
898 1915 1093 2002 peccantes
1112 1901 1211 1980 lilios
1228 1925 1317 1982 snos
1338 1930 1417 1981 non
1436 1929 1516 1981 cor
1534 1939 1558 1980 ι.
1570 1924 1608 1976 ne
1627 1955 1635 1974 .
1651 1922 1678 1976 s.

145 1993 344 2093 ripuisset,
373 1992 607 2068 horrendism
641 2021 665 2067 a
694 1998 774 2069 Deo
803 1996 880 2069 fuit
903 2001 1072 2094 punitus.
1102 1999 1199 2076 Nam
1225 2003 1336 2076 ambo
1369 2001 1446 2076 filii
1472 2003 1517 2074 in
1565 1997 1594 2044 ‘l
1628 2021 1636 2038 ·

138 2090 280 2191 praelio
309 2090 582 2186 occubuerunt,
603 2091 759 2192 triginta
772 2089 890 2166 millia
911 2093 1080 2190 peditum
1096 2093 1142 2168 de
1163 2091 1363 2208 populo-in
1384 2095 1517 2168 eodem

133 2204 247 2262 'caasa
263 2197 372 2281 sunt,
393 2210 479 2260 arca
490 2187 558 2264 Dei
581 2187 628 2259 ab
648 2187 822 2262 hostibus
845 2185 922 2262 fuit
942 2202 1073 2286 capta,
1097 2189 1189 2266 Hen-
1207 2215 1288 2292 1pse
1316 2188 1449 2264 occidit
1470 2187 1517 2261 de

150 2282 242 2358 sella
263 2293 487 2374 retrorsum,
510 2294 548 2355 et
568 2281 698 2357 fractis
726 2281 936 2358 cervicibus
958 2299 1131 2358 mortuus
1153 2293 1220 2360 cst.

200 2383 336 2476 Magna
358 2379 434 2453 fuit
451 2375 600 2452 Elcanaa
620 2390 658 2453 et
678 2381 799 2452 Annae
821 2376 919 2450 circa
935 2377 1005 2452 filii
1022 2381 1083 2454 sui
1096 2379 1357 2456 educationem
1381 2379 1517 2476 pietas,
1541 2417 1565 2454 ι.
1578 2399 1643 2470 neg.
1658 2413 1682 2451 ι.

140 2473 246 2550 dum
271 2500 359 2550 eum
379 2485 505 2550 totum
529 2475 608 2556 Deo
632 2472 916 2569 consecrsnmt,
938 2485 983 2550 nt
1005 2476 1151 2550 cunctis
1173 2475 1308 2550 diebus
1328 2475 1420 2552 vite
1442 2497 1520 2548 suae

149 2573 188 2648 ei
210 2571 421 2648 inserviret.

141 2703 146 2736 e
201 2667 317 2742 Jacob
342 2662 578 2763 Paniardis,
630 2667 707 2746 uod
733 2665 819 2767 plus
850 2662 1044 2741 dilexisset
1070 2647 1194 2742 filium
1224 2690 1340 2742 suum
1364 2663 1521 2779 loseph,
1540 2678 1609 2734 aaa
1627 2675 1671 2746 ³⁷·
1691 2667 1718 2742 t·

149 2789 268 2864 quam
293 2763 458 2934 relipuos
480 2788 568 2839 suos
589 2691 705 2860 filios,
732 2787 845 2839 cansa
871 2761 947 2840 fuit
963 2763 1119 2842 invidia
1145 2775 1183 2840 et
1204 2763 1297 2860 odii,
1327 2761 1523 2863 quadrati

149 2861 335 2938 adversim
387 2857 503 2956 oseph
529 2872 795 2958 conceperunt.
1075 2865 1078 2872 '
1127 2923 1130 2928 i

201 2957 374 3033 Isratlite
404 2968 660 3034 armaverunt
688 2958 779 3034 filiis
806 2956 885 3032 suis
915 2955 1096 3034 benefica
1123 2957 1197 3032 toti
1221 2953 1361 3054 populo
1388 2979 1412 3028 a
1445 2953 1525 3029 Deo
1539 2960 1627 3017 Junc.
1640 2960 1668 3015 a
1681 2955 1719 3014 ¹3·

152 3053 340 3147 praestita,
355 3061 451 3124 teste
474 3051 667 3143 Gedeone‚
689 3056 758 3150 qui
780 3057 832 3128 ait
850 3081 866 3123 ι·
879 3066 1134 3130 narraverunt
1153 3065 1279 3151 patres
1303 3052 1441 3148 nostri,
1466 3061 1525 3126 at-

156 3165 235 3239 que
263 3141 445 3214 dixerunt
469 3142 543 3212 :de
568 3145 612 3214 AE
665 3157 730 3238 pto
760 3145 896 3218 eduxit
919 3174 990 3220 nos
1007 3151 1209 3221 Dominus.

209 3233 308 3308 Cum
329 3233 494 3310 audisset
508 3167 663 3344 Doridi:
658 3237 863 3326 incestum,
889 3263 1001 3334 quem
1021 3241 1186 3334 patravit
1207 3239 1309 3312 filius
1330 3242 1413 3335 ejus
1435 3239 1526 3315 Am·
1542 3270 1569 3308 α.
1581 3255 1645 3325 aeg»
1661 3255 1701 3310 1³.

158 3356 256 3427 non,
279 3355 366 3406 eum
388 3352 468 3404 non
489 3341 671 3437 corripuit
690 3355 698 3403 ι
717 3329 842 3404 noluit
868 3331 970 3404 enim
991 3334 1212 3410 contristare
1235 3333 1410 3427 spiritum
1436 3334 1533 3408 Ano·
1577 3337 1620 3375 ²¹·
1698 3353 1706 3366 ·

161 3453 251 3506 non.
263 3428 334 3506 filii
357 3427 431 3520 sui,
455 3447 635 3522 quomam
658 3424 834 3522 diligebat
854 3451 960 3522 enm,
978 3429 1068 3525 quia
1088 3427 1360 3526 primogenitus
1382 3435 1462 3500 erat
1480 3432 1525 3500 et.

164 3523 235 3600 Sed
258 3528 300 3600 in
324 3525 398 3600 hoo
423 3519 520 3596 male
543 3520 628 3616 egit.
664 3575 667 3580 ,
746 3537 750 3544 ·

214 3620 365 3718 Optime
386 3617 519 3696 tamen
530 3615 608 3712 egit
624 3615 766 3709 David,
785 3639 872 3710 cum
893 3613 1014 3690 filium
1035 3635 1149 3690 sunm
1168 3615 1403 3689 Salomonem
1424 3639 1529 3712 mag·
1545 3611 1572 3665 ³·
1592 3613 1656 3684 Res·
1678 3629 1705 3669 ²·

166 3743 219 3794 na
244 3715 496 3793 sollicitudine
523 3711 675 3788 Nathan
701 3711 897 3810 Prophetae
921 3709 1075 3788 tradidit
1100 3709 1397 3801 instituendum,
1420 3709 1529 3806 eique

167 3815 375 3890 mcn'tums
397 3811 537 3885 bonam
555 3811 662 3909 regni
686 3807 1065 3906 administrationem,
1091 3819 1130 3882 et
1151 3805 1276 3882 cultds
1302 3805 1434 3882 Divini
1457 3831 1529 3882 cn-
1606 3847 1611 3854 ·

169 3933 251 3986 ram
277 3905 565 3987 commendavit.
1321 3945 1327 3958 ·
1647 3940 1651 3948 ·

219 4007 410 4100 Quantam
439 4029 508 4104 pro
533 4001 697 4080 filiorum
724 4029 880 4079 suorum
903 3999 1021 4078 salute
1045 4025 1175 4077 curam
1199 3999 1351 4099 gesserit
1380 3999 1415 4072 S.
1442 3997 1689 4095 Job,10b·¹·⁵·

172 4127 225 4180 cx
246 4127 291 4178 eo
312 4115 430 4200 patet,
451 4100 554 4196 quod
574 4101 742 4200 quotidie
761 4127 830 4202 pro
854 4099 929 4176 illis
946 4102 1068 4174 Deum
1087 4100 1136 4178 sit
1157 4097 1394 4197 deprecatus,
1416 4109 1453 4170 et
1476 4121 1530 4170 sa·
1640 4101 1643 4108 ’

173 4199 312 4276 crificia
333 4197 520 4274 obtulerit.
1623 4239 1626 4248 ·

222 4297 359 4372 'lobias
380 4295 504 4393 senior
524 4293 664 4391 optime
692 4291 871 4368 educatm
899 4319 921 4366 a
940 4295 1018 4367 suis
1042 4293 1279 4390 parentibus,
1304 4287 1442 4388 quippe
1463 4289 1531 4390 qui
1546 4298 1613 4353 rob.
1631 4293 1659 4365 t·

175 4405 221 4472 nt
249 4390 432 4494 puerulus
454 4390 595 4474 ,omnia
627 4388 836 4472 secundnm
863 4390 1086 4564 legemFDfei
1126 4388 1364 4488 observabat,
1390 4387 1531 4487 optime

1073 4510 1097 4563 a
