4498 5462
710 355 787 460 174
841 347 1106 438 TITULUS
1130 351 1282 440 XCIV.
1312 352 1593 452 Maledictio‚
1612 331 1713 469 'qul
1736 359 1861 452 Deus
1893 373 1978 454 etc.v

506 592 683 650 montiis.
750 572 854 647 Inter
874 574 971 671 leges
992 573 1154 671 judicia
1182 577 1261 650 Deo
1277 575 1381 650 datas
1404 589 1460 652 est
1480 573 1574 650 illa:
1598 576 1786 656 maleficos
1803 610 1881 661 non
1904 591 2058 684 patieris

700 690 840 742 vivere.

502 784 566 840 [η.
583 806 622 857 ip
639 791 681 842 si.
748 763 927 840 Prohibet
947 768 1048 842 Deus
1065 767 1202 866 populo
1224 796 1232 840 :
1255 793 1334 843 non
1360 768 1554 842 declinetis
1578 766 1625 838 ad
1643 795 1790 866 magos,
1801 799 1877 884 nee
1891 777 1940 886 ab
1958 780 2061 851 aiio-
2085 781 2097 802 ”

700 855 746 929 lis
770 859 911 957 aliquid
939 863 1195 958 sciscitemini,
1218 879 1263 941 ut
1286 864 1519 970 polluamini·
1532 887 1601 958 per
1618 887 1692 974 eos.
1715 865 1831 940 Addit
1851 883 2055 978 rationemt

500 966 563 1022 [ιν.
580 987 622 1024 ιο.
636 975 662 1026 e.
698 953 778 1048 Ego
797 957 982 1031 Dominus
1004 961 1105 1032 Deus
1123 975 1259 1034 vester.
1288 959 1455 1031 Minatur
1470 968 1584 1032 enam
1600 957 1741 1070 talibus
1764 985 1772 1030 :
1791 965 1949 1058 Anima,
1972 991 2056 1062 quae

697 1045 942 1126 declinaverit
968 1053 1016 1124 ad
1043 1079 1168 1151 magos
1197 1068 1236 1128 et
1262 1052 1422 1162 ariolos3
1445 1051 1746 1162 ponamsaciem
1774 1081 1896 1132 meam
1928 1073 2054 1136 contra

698 1167 806 1233 eam,
829 1159 867 1216 et
887 1147 1109 1220 interficiam
1132 1149 1235 1221 illam
1259 1149 1305 1220 de
1326 1145 1448 1218 medio
1471 1146 1603 1240 populi
1622 1172 1693 1254 sui.
1832 1249 1839 1264 .
2040 1253 2049 1270 ι

500 1270 525 1306 ι.
540 1257 604 1326 neg.
619 1259 662 1311 as.
746 1237 833 1307 Saul
854 1239 1009 1312 abstulit
1030 1267 1156 1334 magos
1172 1255 1210 1311 et
1228 1239 1364 1314 aii'olos
1393 1238 1439 1312 de
1458 1251 1579 1350 tems
1609 1253 1647 1314 et
1669 1245 1860 1360 interfecit
1883 1275 1967 1346 eos,
1988 1277 2052 1350 qui

696 1329 888 1426 pythones
909 1332 1098 1408 habebant
1118 1335 1161 1406 iii
1180 1348 1325 1410 veiitie.
1348 1335 1490 1408 Verum
1512 1333 1648 1409 deinde
1670 1339 1717 1410 ab
1734 1339 1908 1419 hostibus
1928 1371 2053 1421 coarc-

696 1437 821 1517 tatus,
841 1425 1106 1524 pythonissam
1125 1431 1338 1523 consuluit,
1357 1430 1611 1542 postridieque
1637 1434 1720 1530 ejiis
1739 1434 1812 1510 diei
1832 1441 1873 1512 iii
1888 1445 2051 1534 peccatis
2139 1529 2153 1546 ⁶
2245 1423 2246 1459 ¹

696 1519 776 1591 suis
805 1534 1000 1616 mortuus,
1023 1527 1186 1623 seipsum
1204 1526 1325 1623 gladio
1351 1551 1420 1599 suo
1436 1538 1602 1638 peremit

499 1611 524 1682 l·
543 1615 606 1686 neg.
621 1636 661 1690 ¹7·
743 1615 944 1690 litteralia
966 1634 1137 1716 peccatm
1162 1635 1314 1718 propter
1345 1645 1429 1716 quae
1460 1621 1631 1695 israelitas
1658 1623 1729 1696 suh
1754 1626 1847 1720 Rege
1873 1626 1966 1736 Osee
1992 1628 2040 1700 ab

534 1699 575 1750 '⁷'
694 1705 861 1814 Assyriis
884 1715 927 1782 iii
947 1718 1201 1808 captivitatem
1225 1716 1378 1790 abducti
1398 1715 1569 1810 fuerunt,
1595 1719 1705 1793 etiam
1725 1717 1796 1792 hoc
1819 1719 2038 1797 adducitur:

691 1795 992 1878 divinationibus
1013 1809 1269 1884 inserviebant
1304 1824 1342 1883 et
1364 1815 1544 1908 auguriis.

498 1915 525 1983 4.
540 1918 603 1987 neg.
619 1937 642 1972 i.
743 1892 917 1970 Ochoziae
936 1903 1036 1998 regi,
1052 1904 1100 1976 ob
1118 1905 1334 1980 consultum
1355 1909 1565 1984 Beelzebub
1581 1908 1641 1982 dei
1655 1909 1822 1982 semron
1831 1911 2049 2008 omentum,

692 2001 852 2065 mortem
872 1995 1040 2091 praedicit
1059 2000 1171 2074 Elias.
1834 2099 1841 2115 .
2081 2027 2085 2036 '

493 2109 521 2146 2.
537 2096 673 2151 renisa
742 2089 928 2164 Manasses
950 2095 1032 2166 Rex
1051 2096 1274 2172 observabat
1288 2101 1456 2194 somnia,
1483 2101 1693 2176 sectabatur
1711 2124 1890 2214 anginis,
1912 2101 2048 2178 malefi-

690 2181 745 2254 cis
779 2186 922 2259 artibus
948 2189 1201 2284 inserviebat,
1228 2193 1391 2269 habebat
1419 2221 1547 2271 secum
1574 2221 1700 2292 magos
1722 2208 1761 2269 et
1785 2209 2047 2274 incantatores

690 2275 833 2354 Idcirco
856 2283 1009 2358 vinctus
1033 2290 1173 2362 catenis
1197 2290 1495 2388 Babylonemin
1516 2295 1772 2390 captivitatem
1793 2291 1929 2368 ductus
1957 2309 2022 2368 est

495 2381 586 2438 acus.
605 2387 631 2440 s.
738 2375 865 2450 Simon
884 2403 1036 2478 magus,
1054 2397 1253 2482 postquam
1274 2387 1414 2462 multos
1431 2390 1509 2463 suis
1528 2415 1566 2463 in
1616 2391 1660 2462 ”s
1677 2389 2047 2500 dementissetatan-

689 2469 775 2544 dem
795 2474 953 2549 credidit
974 2492 1012 2552 et
1033 2481 1244 2576 baptizatus
1267 2496 1333 2556 est.
1360 2483 1432 2555 Sed
1453 2508 1552 2556 vana
1636 2496 1653 2557 t
1674 2509 1756 2580 eius
1782 2507 1987 2560 conversio.

495 2591 556 2650 Aca
570 2613 609 2662 ,9,
630 2613 670 2661 29„
738 2567 849 2668 Multi
870 2594 921 2635 ex
937 2574 1007 2659 iis,
1031 2577 1099 2663 qui
1116 2575 1264 2642 cuii'osa
1288 2577 1418 2648 sectati
1439 2590 1531 2690 sunt
1540 2634 1551 2672 ‚
1576 2580 1786 2656 attulerunt
1812 2579 1927 2656 libros
1957 2607 2044 2658 suos

690 2653 893 2754 (magicos)
914 2673 952 2733 et
974 2663 1260 2740 combusserunt
1281 2691 1404 2744 coram
1431 2675 1617 2748 omnibus.

1095 2819 1429 2933 TITULUS
1470 2851 1643 2940 xoiv.

792 2951 796 2960 ·
871 3003 1142 3109 Maledictis,
1182 3017 1265 3125 qud
1294 3015 1412 3102 Deus
1443 3023 1656 3110 maledicit
1685 3027 1850 3144 homiui.

492 3182 561 3237 (ἴω
581 3182 606 3235 ³·
687 3132 867 3286 serpens
883 3195 1005 3290 primo
1020 3198 1157 3294 legitur
1177 3226 1200 3274 a
1217 3203 1296 3282 Deo
1315 3209 1533 3286 maledictus
1558 3214 1676 3292 luisse
1695 3243 1703 3288 :
1722 3219 1947 3300 Maledictus
1962 3226 2036 3304 eris

682 3283 784 3450 dnm
806 3291 931 3364 omnia
952 3293 1157 3368 animantia
1174 3310 1211 3372 et
1229 3301 1365 3378 bestias
1388 3318 1512 3402 terrae,
1535 3335 1648 3408 super
1672 3327 1802 3412 pectus
1823 3331 1929 3395 tuum
1946 3348 2030 3418 giii-

708 3380 795 3454 ieris
848 3396 915 3458 etc.
1530 3413 1538 3430 '
1581 3448 1594 3480 i

488 3488 598 3543 nedem.
730 3475 788 3548 Ad
799 3435 949 3574 poenam
961 3481 1126 3558 hominis
1144 3485 1286 3564 dictum
1303 3507 1380 3569 est:
1401 3495 1596 3574 Maledicta
1610 3515 1709 3578 terra
1723 3509 1766 3582 in
1782 3533 1887 3606 opere
1901 3522 1980 3584 tuo.

487 3581 587 3634 than·
600 3591 626 3632 ²·
729 3572 954 3650 lamentans
976 3579 1157 3655 ¹Jeremias
1184 3587 1373 3664 excidiu'm
1391 3593 1552 3704 civitatis
1569 3598 1797 3714 Jerusalem,
1826 3603 1952 3678 dixit:
1971 3632 2034 3682 ie-

485 3777 556 3834 m.
574 3794 600 3832 2.
681 3666 1116 3843 Puiiiiiinlhilil
1132 3685 1791 3867 :intransmeabili
1798 3725 2031 3873 iiiiiediciio

679 3855 729 3927 Et
754 3869 860 3954 nota,
887 3861 989 3958 qnod
1014 3865 1225 3944 maledictio
1252 3901 1363 3972 super
1390 3891 1598 3975 peccatores
1652 3887 1762 3962 'citur
1786 3891 1940 3982 stillare,
1964 3893 2037 3968 sed

680 3973 792 4046 super
808 3956 937 4120 p'lustos
963 3959 1179 4037 benedictio·
1199 3967 1394 4046 inundare.
1425 3973 1563 4082 Eccles.
1590 3979 1647 4079 39.
1678 3982 1892 4061 Benedictio
1924 3985 2033 4066 illius

677 4047 785 4140 quasi
837 4052 950 4126 uvius
978 4054 1187 4132 inundabit.

484 4145 598 4204 uuicti
617 4165 643 4206 a.
724 4141 980 4220 Sacerdotibus
1011 4149 1152 4226 malisl
1201 4183 1294 4232 ueris
1322 4161 1507 4246 Dominus
1532 4191 1599 4266 per
1622 4172 1843 4256 Malachiam
1870 4177 2028 4280 prophe·

676 4244 774 4334 tam,
801 4239 930 4317 dixit:
954 4242 1170 4328 Malediceni
1220 4255 1514 4342 enedictionibus
1536 4269 1680 4347 vestiis.
1808 4314 1813 4322 ·
