4464 5464
732 473 814 556 270
850 433 1136 528 'TlTULUS
1186 432 1380 524 CXLIV.
1421 427 1657 520 Prudentia
1691 441 1736 510 et
1776 419 2009 513 discretio.-

533 711 604 768 αι
625 708 664 764 ,g
778 671 988 745 Prudenter
1020 669 1206 766 separavit
1243 693 1283 744 se
1322 661 1512 742 Abraham
1547 685 1571 732 n
1603 652 1727 750 loth,
1753 677 1803 728 nc
1839 667 2009 753 pastores
2050 662 2110 736 nd

730 767 895 842 invicem
927 767 1127 862 litigarent.
1726 849 1735 864 ⁸

657 933 667 951 ,
778 864 944 936 Discrete
972 863 1108 938 divisit
1129 857 1319 936 Abraham
1345 853 1433 931 filiis
1460 853 1563 945 suis,
1582 849 1676 924 dnm
1696 858 1867 942 viveret,
1887 853 2108 953 portiones,-

730 985 780 1034 ne
807 971 892 1055 post
925 971 1084 1032 mortem
1114 983 1222 1030 snam
1251 957 1299 1029 sd
1328 953 1494 1027 invicem
1530 955 1799 1035 concertarent

779 1055 942 1128 Rebecca
974 1056 1152 1152 sagaciter
1178 1051 1365 1126 instruxit
1392 1047 1514 1120 filium
1543 1067 1656 1117 suum
1691 1041 1831 1134 Jacob,
1848 1055 1890 1117 ut
1916 1043 2096 1120 benedic-

731 1155 874 1226 tioncm
907 1153 1022 1248 patris
1049 1150 1110 1224 sui
1135 1157 1448 1245 consequeretur,
1469 1153 1507 1215 et
1535 1165 1621 1213 eum
1647 1135 1737 1212 fecit
1763 1138 1930 1216 recedere
1955 1164 1978 1212 a
2001 1167 2089 1240 par-

732 1248 836 1322 tibus
869 1248 963 1341 illis,
981 1245 1100 1320 donec
1129 1245 1378 1342 requiesceret
1410 1238 1518 1312 furor
1547 1235 1685 1308 fratris.
2214 1257 2215 1260 ¹

660 1405 670 1424 .
780 1345 910 1417 Artem
948 1355 1028 1416 arte
1060 1341 1198 1415 delusit
1229 1339 1343 1412 Jacob
1376 1331 1554 1432 pulchre,
1575 1327 1727 1427 quando
1757 1331 1906 1406 nolebat
1939 1333 1976 1408 ei
2006 1331 2095 1410 dare

733 1441 862 1516 Isban
895 1438 1127 1530 mercedem,
1142 1463 1212 1533 pru
1245 1435 1399 1508 servitio
1429 1439 1709 1526 competentem.

642 1565 667 1601 ²·
779 1537 965 1630 Sagaciter
1002 1537 1077 1631 egit
1115 1532 1251 1623 Jacob,
1273 1527 1424 1628 quando
1460 1525 1591 1598 debuit
1633 1523 1782 1597 obviare
1817 1521 1910 1596 irato
1958 1523 2100 1620 fratri,

734 1631 913 1728 quoniam
925 1656 1083 1704 munem
1097 1631 1133 1704 ei
1153 1629 1277 1720 misit,
1294 1651 1353 1698 res
1371 1649 1457 1696 suns
1495 1621 1643 1711 divisit,
1663 1643 1710 1690 ne
1728 1643 1802 1690 uno
1816 1616 1951 1690 suroris
1970 1621 2099 1716 impe-

733 1739 776 1796 tu
791 1739 912 1795 totum
929 1725 1117 1818 perderet,
1135 1736 1173 1795 et
1187 1750 1247 1796 res
1258 1721 1371 1795 nimis
1382 1718 1533 1791 dilectas
1553 1714 1679 1788 nra'orl
1693 1711 1850 1808 periculo
1865 1729 2090 1809 exponeret.

645 1865 664 1900 ,,
768 1817 994 1890 Prudenter
1017 1817 1165 1890 locutus
1193 1831 1249 1890 est
1271 1813 1412 1910 Josepb
1434 1837 1559 1886 corum
1578 1742 1843 1919 Plaraonffii
1863 1811 2099 1906 exponendo

735 1911 944 2003 somnium,
963 1925 1000 1986 et
1022 1925 1153 1986 contra
1179 1913 1348 1985 suturam
1365 1908 1504 1982 famam
1527 1906 1650 1981 dendo
1675 1901 1881 1978 consilium.

659 2037 667 2054 ·
783 2005 923 2104 Joseph
959 2007 1093 2082 fratres
1124 2033 1212 2081 suos
1239 2018 1348 2080 caute
1380 2001 1653 2102 deprehendit,
1689 2014 1727 2076 et
1753 2001 1805 2073 eis
1840 2000 2015 2077 timorem
2036 2004 2098 2079 in-

734 2103 861 2178 cussit.

644 2242 682 2275 ι.
783 2198 932 2272 Bonum
969 2199 1168 2273 consilium
1204 2197 1307 2272 dedit
1334 2193 1467 2271 Jethm
1503 2195 1647 2294 Moysi,
1661 2193 1789 2268 dicens
1808 2219 1816 2265 ε
1833 2195 1996 2273 Provide
2029 2197 2095 2272 tibi

734 2292 839 2368 viros
873 2307 1066 2390 potentes,
1088 2308 1126 2367 et
1161 2293 1337 2368 timentes
1375 2294 1516 2388 Deum,
1541 2293 1583 2366 in
1620 2293 1758 2391 quibus
1788 2293 1837 2367 sit
1874 2294 2036 2390 veritas,
2060 2305 2095 2368 et
2214 2323 2215 2330 ¹

734 2391 803 2488 qui
828 2391 977 2465 oderint
1007 2391 1202 2468 avaritiam
1224 2403 1292 2464 etc.

563 2529 616 2565 un.
636 2530 675 2566 1.
782 2489 993 2582 Antequam
1027 2491 1178 2585 Moyses
1205 2485 1401 2562 invaderet
1434 2498 1573 2560 tenum
1598 2483 1876 2583 promissionis,
1898 2487 2004 2560 misit
2030 2509 2096 2560 ex·

733 2579 937 2680 ploratores
972 2583 1084 2675 illuc,
1107 2582 1154 2654 sd
1192 2581 1504 2656 considerandum
1540 2581 1771 2658 conditiones
1808 2583 1902 2678 ejus.

599 2707 613 2742 e
646 2725 655 2740 .
782 2677 1066 2772 Exploratores,
1087 2703 1183 2773 quos
1211 2679 1315 2753 misit
1348 2678 1483 2769 Josue,
1503 2677 1707 2775 prudenter
1742 2677 1957 2772 latuerunt,
1979 2677 2096 2752 donec

733 2770 808 2862 illi,
830 2773 897 2868 qui
927 2775 1147 2870 quaerebant
1174 2801 1256 2866 eos,
1277 2772 1325 2846 ad
1350 2775 1501 2871 propria
1533 2773 1704 2848 redirent.

613 2923 622 2935 .
661 2921 669 2934 .
782 2871 916 2960 Magna
946 2873 1143 2959 sagacitate
1173 2895 1266 2944 usus
1295 2881 1351 2942 est
1376 2867 1508 2962 Josne,
1526 2869 1674 2942 insidias
1697 2862 1869 2961 ponendo
1894 2867 2009 2958 juxte
2038 2870 2095 2942 ci-

696 2959 890 3029 ·viratem
919 2957 1012 3048 llai,
1031 2971 1068 3029 et
1096 2961 1224 3052 fugam
1252 2973 1380 3056 postes
1410 2959 1620 3039 simulando.

737 3144 744 3159 ¹
782 3045 933 3126 Callide-
950 3053 1153 3147 cogitantes
1181 3054 1422 3154 Gabsonitae,
1446 3059 1643 3136 voluerunt
1666 3053 1832 3152 decipere
1859 3051 2002 3148 issue,
2025 3053 2098 3128 sed

732 3141 796 3218 nte
822 3169 885 3218 eos
917 3144 1074 3220 discrete
1101 3151 1144 3223 in
1179 3152 1400 3228 servitutem
1427 3155 1576 3253 redegit.
1703 3171 1708 3180 ’

781 3239 868 3314 Filii
893 3241 1024 3336 lsrael,
1041 3243 1222 3332 Phineos,
1237 3260 1275 3320 et
1300 3248 1364 3322 alii
1385 3251 1534 3344 nuncii,
1550 3248 1598 3323 ad
1619 3247 1713 3323 filios
1734 3245 1868 3320 Ruben
1891 3245 2098 3338 missi,dis-

733 3348 832 3410 crete
853 3336 970 3442 locuti
992 3337 1167 3435 fuerunt,
1181 3355 1219 3415 et
1236 3343 1291 3416 illi
1313 3369 1376 3417 eos
1387 3347 1513 3424 verbis
1527 3344 1825 3445 prudentissimis
1838 3343 2096 3455 placavenrnt.

782 3432 862 3506 Aod
887 3447 1040 3531 portans
1069 3461 1249 3530 munera,
1273 3439 1543 3540 Eglonipsurn
1572 3453 1694 3518 astute
1723 3441 1883 3536 decepit.-

600 3559 614 3594 ο
655 3575 664 3592 .
781 3528 932 3603 Gedeon
966 3534 1149 3627 percussit
1180 3545 1300 3608 castra
1333 3535 1523 3635 hostium,
1545 3541 1614 3639 qui
1645 3536 1766 3612 securi
1792 3547 1917 3628 erant,
1935 3545 1973 3609 et
2000 3533 2095 3610 nibil

731 3623 881 3700 adversi
910 3628 1206 3722 suspicabantur.
1230 3641 1240 3648 ⁴

988 3748 1009 3796 r
1037 3724 1197 3799 nuncios
1231 3685 1437 3822 prudenter
1464 3731 1689 3828 significavit
1714 3730 1793 3826 regi
1822 3725 1988 3802 filiorum
2011 3729 2094 3800 Am·

659 3753 680 3788 r.
732 3721 988 3985 ΕΞΞῨῈΞΖΞ
986 3816 1174 3984 indicebat
1195 3823 1230 3895 ei
1251 3822 1348 3896 bella
1373 3852 1449 3901 non
1470 3829 1594 3926 justa,
1615 3826 1680 3901 sed
1703 3837 1830 3928 postea
1850 3822 2094 3920 indiscretum

534 4003 622 4060 sunc.
635 4019 674 4058 ¹²·
762 4003 899 4116 ‘Caute
914 4005 1159 4100 deprehendit
1185 4013 1227 4086 Je
1253 4013 1341 4108 hte,
1365 4017 1432 4114 qui
1448 4032 1572 4093 essent
1587 4017 1801 4118 Ephretaei,
1817 4027 1856 4089 et
1876 4013 1944 4111 qui
1965 4011 2094 4086 Gulas-

733 4097 1039 4216 drtaegdlcendo:
1059 4040 1299 4184 Scbibbcldth
1313 4166 1324 4202 ,
1339 4110 1428 4184 dum
1449 4115 1506 4187 illi
1519 4115 1795 4216 'responderent
1812 4107 2006 4184 Sibboleth
2027 4121 2093 4182 etc.

534 4205 622 4264 tudio.
645 4224 687 4263 πο.
781 4195 866 4270 Frln
894 4195 1005 4270 Isra'el
1033 4216 1240 4295 pugnantes
1274 4219 1404 4280 contra
1429 4208 1512 4283 illos
1540 4211 1590 4283 de
1614 4210 1836 4308 Benjamin,
1858 4207 1987 4304 fugam
2012 4217 2094 4276 arte

730 4292 1026 4468 {rffigpppnq
1048 4307 1086 4372 et
1108 4297 1161 4374 sic
1180 4326 1244 4402 eos
1267 4327 1291 4378 a
1312 4301 1463 4406 cipitate
1494 4315 1769 4405 extraxerunt,
1792 4314 1831 4381 et
1855 4302 2005 4403 penitus
2025 4295 2095 4376 dee
