4502 5484
836 379 886 430 η
1164 321 1169 332 '
1209 343 1813 463 uentosissimum.

836 577 1097 674 longitudinis,
1118 595 1156 656 et
1184 583 1319 677 viginti
1338 582 1547 654 cubitorum
1570 579 1802 671 latitudinis,
1822 586 1859 646 et
1885 572 2013 643 decem
2035 569 2198 644 cubito-

644 707 671 748 τ.
691 705 731 758 ¹s
838 697 927 747 rum
955 674 1174 750 altitudinis.
1200 677 1302 750 Fecit
1323 703 1473 774 quoque
1502 677 1616 784 altare
1642 699 1807 746 aureum.
2076 761 2082 777 .

646 823 671 861 ι,
690 800 779 938 Ἢ.
796 798 822 868 a
843 768 1006 942 nossffis
1016 771 1255 942 ffiffiiffl
1280 773 1393 846 altare
1422 797 1445 843 a
1476 771 1651 875 genubus
1677 766 1916 882 profanatum
1944 760 2131 855 destruit,
2157 773 2204 832 et

1294 1042 1627 1130 mruaos
1666 1040 1751 1121 rx.
1881 1008 1918 1094 '·

1421 1201 1626 1314 Ambitio·

649 1433 731 1488 num.
755 1445 797 1484 ι’·
849 1363 1018 1496 Locuta
1038 1434 1093 1496 est
1112 1423 1230 1494 Maria
1253 1433 1304 1499 etx
1314 1421 1438 1492 Aaron
1458 1430 1587 1490 contra
1605 1420 1763 1564 Moysen
1801 1429 1838 1489 et
1849 1415 2046 1488 dixerunt:
2068 1410 2209 1484 Nonne

850 1525 888 1583 et
909 1518 1018 1588 nobis
1041 1517 1213 1590 similiter
1224 1515 1374 1587 locutus
1395 1525 1451 1586 est
1466 1514 1670 1585 Dominus.
1694 1509 1765 1582 Sed
1785 1511 1867 1582 haec
1888 1510 2003 1585 verba
2022 1507 2210 1584 videban-

850 1619 916 1682 tur
941 1611 1083 1680 ambire
1103 1607 1283 1680 ducatum
1312 1609 1442 1702 populi
1469 1607 1538 1678 sui.

654 1725 735 1782 Nun.
760 1727 800 1778 so.
902 1701 1023 1773 Chore
1054 1715 1091 1776 et
1126 1703 1323 1797 complices
1351 1703 1411 1774 sni
1439 1699 1657 1773 anhelantes
1681 1701 1727 1771 ad
1752 1723 1911 1796 regnum
1941 1699 2093 1797 populi,
2117 1719 2213 1768 con-

854 1795 1129 1870 demnaverunt
1148 1799 1329 1894 Moysen,
1349 1807 1386 1869 et
1405 1797 1530 1867 Aaron
1546 1809 1838 1885 accusaverunt,
1851 1795 2030 1867 dicentes:
2043 1789 2214 1864 Sufficiat

854 1891 987 1983 nobis,
1010 1889 1110 2059 Quod
1128 1892 1250 1963 omnis
1271 1883 1475 1966 multitudo
1497 1901 1714 1962 sanctorum
1730 1903 1804 1981 est,
1827 1903 1863 1960 et
1878 1891 1921 1962 in
1936 1891 2028 1984 ipsis
2051 1899 2108 1959 est
2135 1885 2215 1963 Do*

856 1985 992 2058 minus.
1045 2012 1092 2060 ur
1117 1985 1316 2060 elevamini
1344 2013 1456 2080 super
1481 1984 1663 2082 populum
1680 1981 1862 2074 Domini?

660 2097 746 2152 tutia
764 2115 791 2166 a
905 2081 1120 2156 Abimelech
1135 2080 1237 2154 filius
1253 2080 1436 2154 Gedeonis
1456 2078 1586 2152 callide
1601 2080 1818 2175 procuravit
1838 2104 1876 2150 se
1892 2077 1976 2166 eligi
1990 2101 2057 2165 per
2075 2077 2214 2147 amicos

836 2203 908 2252 ‚ex
928 2189 1033 2273 parte
1054 2177 1184 2250 matris
1200 2201 1305 2260 ‚suaez
1331 2177 1394 2248 sed
1420 2190 1551 2260 postea
1570 2175 1728 2254 pessime
1750 2171 1927 2234 successit
1951 2167 2130 2258 utrisque·

659 2285 769 2339 nsum,
907 2273 1086 2346 parabola
1114 2272 1195 2354 illa,
1222 2287 1336 2372 quam
1361 2256 1557 2353 proposuit
1574 2251 1775 2356 domham,
1801 2254 1901 2361 quod
1921 2255 2037 2343 oliva,
2056 2258 2163 2345 vitis,
2182 2273 2226 2332 et

857 2367 953 2436 ficus
979 2363 1185 2436 noluerunt
1215 2357 1288 2426 nbi
1315 2373 1473 2436 regnum
1507 2365 1670 2439 acclpere
1696 2359 1733 2416 et
1760 2356 2028 2442 pnncrpatum,
2058 2345 2231 2425 rhamus

862 2475 976 2534 vcro,
992 2457 1102 2516 arbor
1121 2443 1267 2514 modica
1285 2451 1323 2510 et
1338 2437 1449 2530 vilis,
1467 2437 1635 2534 regimen
1652 2463 1833 2537 usurpare
1849 2441 2075 2536 praesumsit,
2095 2453 2227 2534 potest

865 2539 1071 2610 ambitiosis
1094 2536 1223 2627 aptari.

667 2649 776 2705 auden
916 2629 1070 2702 Dicebat
1088 2627 1160 2699 Gat
1178 2627 1279 2700 filius
1303 2624 1428 2700 Obed:
1451 2625 1607 2702 Utinam
1629 2630 1735 2702 daret
1757 2632 1892 2726 aliquis
1908 2631 2089 2727 populum
2102 2632 2223 2707 istum

872 2727 942 2801 sub
971 2748 1088 2798 manu
1103 2747 1202 2816 mea,
1221 2735 1266 2794 ut
1287 2723 1472 2796 auferrem
1495 2724 1540 2796 de
1564 2725 1684 2796 medio
1706 2725 1932 2798 Abimelech.

672 2865 697 2901 α.
714 2849 778 2916 neg.
809 2842 848 2898 ιε.
920 2819 1115 2909 Absalom,
1142 2817 1360 2890 hominibus
1394 2819 1442 2890 ad
1473 2817 1658 2914 judicium
1689 2821 1785 2914 regis
1815 2821 2078 2911 venientibus,
2101 2822 2223 2894 David

820 2981 827 3000 ,
872 2911 1115 3004 blandiendo,
1146 2911 1375 2986 detrahendo
1408 2914 1582 2988 simulet
1609 2914 1828 3008 ambiendo,
1846 2915 2013 2988 dicebat:
2039 2916 2224 2990 Videntur

873 3007 971 3083 mibi
1003 3032 1189 3080 sermones
1216 3009 1274 3080 tui
1295 3009 1385 3082 boni
1414 3022 1450 3082 et
1479 3011 1589 3108 justi,
1615 3008 1679 3081 sed
1706 3035 1783 3081 non
1816 3023 1895 3102 est,
1917 3011 1984 3106 qui
2012 3023 2051 3084 te
2076 3011 2221 3101 audiat,

877 3103 1104 3177 constitutus
1130 3128 1153 3173 a
1173 3129 1266 3214 rege.
1295 3104 1388 3192 Quis
1415 3129 1475 3177 me
1496 3105 1700 3177 constituat
1726 3105 1889 3198 judicem
1917 3131 2030 3200 super
2060 3105 2224 3178 terram?

878 3197 947 3272 Sed
969 3208 1074 3290 nota,
1092 3197 1184 3294 quid
1201 3224 1236 3271 e1
1262 3210 1388 3292 postea
1415 3199 1610 3291 acciderit,
1633 3199 1719 3308 Cap.
1748 3224 1800 3295 17.
1830 3201 1882 3270 18.
1905 3200 2081 3296 ejusdem.

680 3321 705 3376 t.
721 3322 783 3388 neg.
804 3334 827 3370 t·
927 3291 1090 3365 adonias
1115 3292 1216 3364 filius
1237 3289 1375 3387 Hagith
1401 3293 1636 3382 elevabatur,
1659 3293 1801 3365 dicens:
1825 3295 1903 3388 Ego
1923 3296 2093 3388 regnabo.

680 3421 704 3476 3.
723 3423 785 3490 aeg.
807 3434 848 3470 ιι.
928 3387 1037 3459 Dixit
1065 3387 1179 3461 Ahias
1212 3386 1399 3484 Sylonites
1427 3387 1608 3498 propheta
1636 3386 1683 3458 ad
1709 3388 1940 3462 Hieroboam.
1968 3391 2090 3482 Regna
2114 3413 2225 3487 super

881 3483 1025 3570 omnia,
1051 3507 1136 3576 quas
1166 3479 1349 3554 desiderat
1378 3505 1503 3556 anima
1534 3495 1609 3554 tua.
1636 3481 1706 3554 Sed
1735 3496 1862 3578 postea
1891 3484 2044 3580 adeptus
2069 3508 2226 3579 regnum

882 3599 993 3670 super
1030 3599 1081 3648 ro.
1119 3572 1315 3662 tribubus,
1336 3575 1493 3668 pessime
1518 3601 1555 3648 se
1581 3576 1724 3649 habuit.
1887 3645 1891 3654 .

685 3685 709 3742 t.
727 3687 791 3754 neg.
812 3683 851 3736 ιθ.
931 3665 1078 3738 Zambri
1093 3667 1226 3740 videns
1243 3667 1335 3738 Heia
1352 3666 1546 3741 dominum
1565 3695 1676 3744 suum
1698 3697 1820 3768 regem
1840 3673 1953 3746 lsrael
1969 3674 2230 3770 temulentum,

885 3757 1019 3836 occidit
1050 3783 1153 3850 eum,
1175 3771 1212 3832 et
1237 3763 1414 3856 regnabat
1440 3777 1523 3858 post
1546 3792 1632 3840 eum
1657 3779 1796 3862 septem
1818 3769 1948 3840 diebus
1975 3781 2130 3842 tantum.

690 3903 715 3971 ι
732 3891 796 3958 aeg.
817 3905 856 3942 n.
935 3851 1082 3959 Athalia
1116 3865 1235 3925 mater
1265 3855 1438 3928 Ochozioe
1463 3861 1578 3953 regis,
1610 3859 1744 3934 videns
1775 3874 1967 3936 mortuum
1999 3889 2086 3936 esse·
2109 3863 2227 3936 filium

888 3969 1022 4036 suum,
1044 3971 1086 4016 m
1109 3959 1252 4019 tantam
1281 3953 1422 4026 exarsit
1442 3951 1636 4026 libidinem
1660 3954 1899 4048 dominandi,
1917 3958 2019 4055 quod
2045 3957 2226 4032 interfecit

889 4063 999 4149 omne
1022 4065 1147 4113 semen
1168 4043 1328 4140 regium,
1355 4059 1511 4144 excepto
1539 4049 1647 4146 toas,
1667 4050 1734 4148 qui
1754 4053 1828 4130 fuit
1854 4075 1878 4128 a
1908 4077 2032 4142 sorore
2058 4051 2229 4140 Ochoziau

891 4133 1033 4215 stuttve
1056 4135 1235 4230 sublatus,
