4310 5472
796 405 878 468 ‘120
1099 367 1363 460 nrunus
1394 369 1531 457 exv.
1570 307 1823 456 numana.

798 605 839 678 in
860 597 1033 693 Galssml,
1055 596 1106 670 de
1158 599 1207 672 ud
1232 595 1400 691 loquitur
1425 593 1530 668 Joan.
1554 593 1589 666 5.
1622 594 1789 668 scrutate
1817 603 1854 666 et
1879 593 2049 688 videte,
2068 601 2133 694 quia

800 723 867 794 pro
893 695 981 768 heta
1006 721 1028 766 a
1053 625 1207 768 Galilaea
1220 716 1300 768 non
1315 691 1490 764 surrexit.
1519 687 1629 762 Unde
1648 687 1867 762 admirando
1882 687 2004 764 dixit
2025 693 2138 767 hetha*

801 722 916 866 nael:
945 816 966 860 a
992 788 1174 862 Nazareth
1193 797 1313 885 potest
1343 811 1421 858 esse
1447 783 1589 880 aliquid
1615 781 1736 858 boni?

633 931 649 964 a
707 939 716 960 .
850 890 991 960 Iterum
1023 885 1069 957 de
1102 883 1239 958 humili
1273 893 1390 956 matre
1423 891 1534 954 natus
1562 877 1658 972 fuit,
1689 904 1773 976 quae
1799 877 1902 952 dixit
1940 907 1949 951 :
1988 885 2129 984 Respem

801 982 1052 1056 humilitatem
1082 979 1224 1052 ancillae
1247 1001 1346 1070 susa,
1379 989 1446 1050 etc.
1630 997 1633 1004 ·
1903 984 1912 1010 ¹

850 1079 895 1149 ln
929 1073 1156 1148 domuncula
1184 1097 1300 1169 parva
1333 1083 1369 1146 et
1394 1072 1476 1146 loco
1503 1069 1726 1146 humillimo.
1756 1073 1845 1147 Luc.
1871 1097 1907 1144 2.
1950 1075 2125 1152 Rectinant

690 1175 695 1188 '
800 1197 889 1246 cum
919 1171 961 1242 in
984 1170 1187 1266 presepio,
1218 1182 1286 1242 etc.

851 1269 945 1338 Item
968 1265 1075 1360 quasi
1096 1291 1163 1360 per
1191 1288 1309 1338 annos
1332 1261 1388 1334 30.
1425 1261 1537 1337 latuit
1570 1263 1612 1334 in
1634 1261 1798 1354 mundo,
1831 1262 1887 1335 its
1922 1269 2026 1361 quod
2054 1265 2122 1338 nihl

803 1362 940 1454 legitur
958 1359 1003 1430 de
1022 1385 1088 1451 eo,
1106 1361 1181 1432 nisi
1202 1386 1209 1431 :
1235 1385 1322 1432 cum
1348 1368 1444 1432 esset
1465 1383 1651 1430 annorum
1672 1356 1891 1450 duodecim,
1911 1365 2120 1433 remansitin

802 1455 1031 1542 Jerusalem,
1055 1465 1092 1524 et
1124 1455 1303 1528 inventus
1340 1455 1465 1527 estin
1496 1453 1635 1549 templo
1666 1452 1822 1524 audiens
1848 1464 1883 1524 et
1911 1453 2121 1546 interrogans

805 1561 843 1620 ct
878 1547 1139 1620 determinans.
1168 1549 1306 1622 Contra
1336 1559 1684 1644 presumptuosus„
1702 1548 1770 1658 qui
1797 1546 1900 1618 nimis
1920 1545 2045 1616 festine
2072 1549 2119 1632 'ad

805 1641 968 1714 officium
996 1639 1151 1714 docendi
1179 1655 1439 1737 prorumpunt.
1470 1643 1528 1712 Se'
1542 1644 1646 1715 uitur
1670 1641 1725 1714 ihi
1756 1643 1859 1712 Luca
1878 1665 1908 1710 a.
1930 1635 2118 1713 Descendit

806 1759 893 1808 cum
920 1735 1035 1806 Maria
1058 1747 1095 1806 et
1126 1735 1292 1832 loseph,
1314 1751 1350 1810 et
1377 1749 1455 1809 erat
1482 1762 1525 1808 su
1553 1735 1654 1810 ditus
1678 1736 1763 1809 illis.

611 1859 708 1917 natu.
729 1859 754 1910 s
853 1828 1001 1902 Exinde
1018 1832 1116 1902 circa
1137 1855 1280 1904 annum
1301 1831 1355 1904 30.
1373 1831 1420 1904 ad
1436 1831 1624 1904 'loannem
1646 1831 1849 1926 Baptistam
1869 1833 1989 1922 venit,
2002 1835 2112 1928 utbap

805 1925 986 1998 licaretur
1005 1925 1052 1996 ab
1077 1949 1142 2016 eo,
1166 1951 1244 2000 nou
1265 1955 1332 2026 pro
1353 1953 1397 2002 eo
1422 1929 1534 2000 misit.
1560 1925 1699 2000 Contra
1727 1925 1886 2022 multos,
1916 1927 1982 2024 qui
2004 1929 2041 2000 ad
2059 1929 2109 2000 ui-

805 2046 915 2094 nores
943 2045 1092 2116 pergere
1117 2021 1375 2118 dedignantur.

612 2137 708 2194 naeth.
730 2135 770 2203 tt.
854 2119 947 2188 Item
974 2115 1135 2188 humiles
1158 2115 1358 2214 discipulos
1378 2116 1507 2212 elegit,
1537 2129 1573 2190 et
1600 2140 1686 2189 cum
1706 2117 1760 2188 eis
1778 2115 1980 2192 humiliter
1995 2143 2109 2192 eonver-

807 2224 908 2285 satus
928 2225 1005 2302 est,
1030 2223 1067 2283 et
1093 2237 1155 2284 eos
1173 2217 1358 2310 praecipue
1387 2212 1639 2288 humilitatem
1673 2209 1799 2284 docuit
1822 2236 1830 2281 z
1853 2215 1990 2288 Discite
2011 2241 2028 2284 a
2050 2239 2108 2292 me,

830 2309 895 2383 uia
926 2308 1028 2382 mitis
1055 2321 1199 2382 sumet
1228 2306 1384 2382 humilis
1411 2307 1520 2380 corde
1551 2331 1559 2376 :
1587 2305 1689 2380 unde
1712 2319 1750 2378 et
1773 2305 1896 2382 filium
1921 2310 2057 2380 hominis
2075 2331 2109 2376 se

802 2405 948 2476 (rebat
966 2403 1130 2495 saepius,
1154 2427 1268 2498 quam
1290 2403 1411 2472 filium
1436 2405 1527 2492 Dei,
1556 2403 1642 2475 licet
1669 2415 1878 2500 utrumque
1901 2415 1986 2476 asset
2002 2423 2108 2476 rerum

804 2496 1012 2602 secundum
1024 2494 1127 2654 [duas
1149 2505 1302 2563 naturas
1321 2493 1362 2564 in
1377 2495 1458 2590 ipso
1479 2518 1488 2564 :
1512 2507 1637 2572 tamen
1657 2499 1704 2570 ab
1723 2497 1904 2574 inferiore
1918 2499 2107 2598 frequentius

777 2607 845 2654 'se
870 2608 1023 2655 nomme
1049 2597 1102 2670 at.
1631 2623 1643 2644 ·

607 2697 685 2748 tosa
708 2703 735 2740 α,
855 2677 1105 2752 Conversatua
1128 2691 1183 2750 est
1205 2703 1289 2754 cum
1313 2679 1554 2782 hominibus,
1583 2689 1761 2764 interesse
1782 2691 1907 2766 voluit
1972 2719 1995 2766 u
2052 2691 2107 2760 ‘bus

804 2773 970 2879 nuptiis,
995 2773 1069 2874 ubi
1092 2775 1226 2882 einum
1255 2775 1397 2852 defecit.
1432 2779 1515 2854 Non
1540 2795 1664 2858 autem
1686 2785 1860 2861 interluit
1883 2719 1981 2885 spilla
2009 2785 2062 2856 'dis
2084 2793 2108 2852 et

806 2863 987 2938 divitibus
1010 2879 1172 2959 nuptus,
1193 2872 1234 2940 in
1262 2872 1399 2964 quibus
1418 2875 1517 2948 fiunt
1538 2876 1754 2974 frequenter
1770 2906 1929 2956 enormes
1949 2901 2109 2950 excessus.

612 2975 689 3023 toan·
710 2968 736 3020 f>
855 2958 949 3030 Cum
977 2963 1229 3058 cognovisset,
1284 2967 1345 3038 uia
1369 2975 1594 3046 conventuri
1620 2989 1748 3069 erant,
1776 2987 1942 3074 raperent
1964 2997 2054 3063 eum,
2075 2981 2109 3038 et

805 3050 969 3162 facerent
988 3079 1073 3128 eum
1096 3082 1239 3152 regem,
1256 2991 1360 3158 lugit
1378 3065 1420 3138 in
1445 3082 1620 3142 montem.

612 3163 709 3218 matth.
730 3179 769 3229 ¹7·
853 3147 1137 3244 Dtdrachmam,
1165 3158 1444 3254 quasiservus,
1473 3177 1538 3236 aut
1563 3164 1728 3259 alienus,
1750 3167 1924 3244 exsolvit.
1945 3167 2037 3242 ldetn
2054 3181 2112 3236 uon

632 3293 642 3302 -
803 3241 989 3338 habebat,
1015 3245 1082 3318 ubi
1110 3263 1220 3343 caput
1242 3271 1351 3326 suum
1379 3257 1584 3332 reclinaret.
1606 3262 1693 3332 Luc.
1709 3263 1744 3336 6.

608 3345 685 3397 mas.
709 3339 734 3408 i·
850 3341 900 3411 Et
921 3343 1143 3416 circumiens
1164 3345 1333 3419 civitates
1348 3361 1385 3422 e't
1409 3353 1573 3448 castella,
1606 3354 1715 3450 pedes
1736 3360 1845 3452 ibat,
1868 3363 1915 3434 ita
1934 3353 2027 3453 quod
2042 3350 2116 3423 fati·

802 3448 909 3530 gatus
932 3462 982 3510 ex
1003 3437 1165 3533 itinere,
1197 3441 1346 3517 sedebat
1366 3470 1477 3542 super
1496 3447 1662 3542 fontem,
1690 3465 1726 3526 et
1753 3481 1776 3526 a
1802 3455 1954 3530 muliere
1983 3448 2117 3528 samm

801 3541 890 3606 tana
910 3532 1036 3606 bibere
1057 3533 1277 3628 postulabat.
1670 3565 1671 3570 ¹
1749 3573 1757 3586 ·

607 3627 704 3682 natu.
723 3645 765 3680 αι,
849 3626 1009 3711 Quando
1030 3631 1499 3797 dvefflffenllhlssfflffllems
1525 3639 1642 3713 nobili
1658 3645 1813 3718 recturi
1837 3647 2051 3736 utinoluit,
2062 3657 2117 3714 11011

801 3743 822 3786 e
849 3741 903 3786 un
1362 3732 1369 3746 ’

606 3815 684 3866 toan·
709 3813 750 3866 ιδ·
824 3742 1259 3915 pTrglgiffimgtsgxufflc
1280 3730 1422 3897 riiiruriilo
1439 3827 1495 3898 ad
1507 3841 1671 3926 patrem,
1690 3835 1903 3930 relinquere
1922 3839 2050 3916 voluit
2066 3853 2120 3928 spe

692 3955 695 3962 .
801 3898 894 4008 ciale
920 3901 1142 3981 humilitatis
1163 3916 1398 4018 exemplum,
1420 3921 1510 3993 hinc
1540 3925 1650 4019 pedes
1673 3929 1945 4027 discipulorum
1980 3933 2125 4022 lateii,et

649 4087 677 4102 ..
802 3993 942 4088 huten,
957 4023 1045 4104 ⁸quo
1066 4021 1284 4094 praecinctus
1308 4026 1407 4106 erat,
1434 4020 1599 4091 extersit.

606 4089 723 4159 Purher·
742 4104 768 4140 ²·
850 4088 1039 4198 Praecipue
1059 4107 1180 4169 autem
1197 4101 1237 4178 in
1253 4108 1421 4200 passione
1443 4112 1555 4187 nimis
1586 4120 1747 4215 seipsum
1766 4119 2012 4220 humiliavit,
2029 4125 2130 4198 ltelffl

801 4181 975 4257 obediens
997 4191 1177 4301 usquead
1197 4213 1374 4297 mortem,
1399 4231 1478 4280 non
1499 4235 1781 4310 quamcunque,
1810 4217 1875 4288 sed
1900 4227 2045 4314 crucis,
2059 4229 2132 4310 <1ssoe

796 4291 879 4355 erat
891 4305 1008 4378 genus
1024 4297 1155 4362 morus
1172 4295 1451 4398 turpissimum,
1468 4317 1512 4382 ut
1525 4307 1575 4382 -iu
1597 4309 1807 4407 Evangelia
1828 4317 2020 4400 omnibus
2041 4317 2135 4476 pal&
