4502 5484
805 301 860 386 30
1036 293 1302 384 TITULUS
1333 289 1469 391 XVIL
1512 286 1643 376 Bella
1675 307 1720 374 et
1747 287 1967 378 Victoriae.

601 527 780 587 maauaie.
852 518 1031 592 Tenebrae
1045 517 1258 630 AEgyptiae,
1288 537 1374 614 quae
1395 538 1461 610 per
1478 524 1554 584 tres
1576 508 1657 584 dies
1684 511 1893 606 durarum,
1914 513 2037 612 imago
2055 526 2177 592 tene—

803 615 957 784 brarurp
981 626 1018 688 et
1045 615 1246 707 coecitatis,
1269 636 1354 709 ¹qua
1371 608 1542 682 homines
1568 607 1742 682 laborant
1760 609 1882 682 tribus
1903 608 2035 686 diebus
2058 627 2177 688 ante-

806 713 932 785 cinera
948 713 1042 786 ibus.

602 819 689 876 exoa.
704 817 783 872 sao·
853 809 954 882 Sedit
972 807 1133 907 populus
1150 809 1249 881 circa¹
1267 803 1433 881 vitulum
1461 827 1619 876 aureum
1641 799 1869 876 manducare
1892 813 1929 878 ct
1954 803 2106 898 bibere,
2130 819 2175 882 ct

638 887 668 950 l·
689 889 731 940 ²⁸·
803 917 1052 980 surrexerunt
1073 903 1220 996 ludere,
1243 925 1378 998 magna
1406 921 1500 974 voce
1528 898 1754 991 clamantes,
1773 899 1827 970 ita
1848 911 1892 972 ut
1916 897 2030 974 Josuc
2051 915 2173 997 puta-

800 1013 876 1095 ret,
897 1027 977 1076 esse
987 1001 1175 1075 ululatum
1196 1021 1343 1097 pugnae.
1361 998 1561 1092 Propterea
1573 994 1699 1068 23000.
1716 994 1763 1067 de
1774 995 1912 1091 populo
1924 1007 2015 1068 sunt
2031 995 2169 1072 deleta.

607 1101 782 1158 Num-¹1³³·
847 1097 983 1170 Adhuc
1002 1121 1095 1169 escae
1122 1109 1229 1169 erant
1250 1097 1292 1166 in
1318 1093 1494 1163 dentibus
1517 1116 1671 1182 eorum,
1700 1102 1739 1164 et
1763 1107 1847 1162 ecce
1874 1089 1982 1164 furor
2008 1094 2170 1168 Domini

702 1199 712 1210 “
799 1195 1007 1268 concitatus
1030 1193 1072 1264 in
1090 1190 1273 1288 populum
1292 1187 1476 1284 percussit
1498 1211 1586 1258 eum
1618 1187 1724 1284 plaga
1750 1209 1895 1281 magna.

602 1303 665 1359 tua.
678 1320 720 1359 ει.
739 1304 782 1356 2³.
846 1288 934 1360 Filii
955 1287 1154 1384 Beniamin
1176 1291 1384 1381 rapuerunt
1401 1285 1481 1376 400.
1499 1281 1688 1376 virgines,
1715 1305 1800 1380 quae
1829 1281 2007 1357 exierunt
2028 1280 2074 1358 de
2090 1286 2173 1360 Silo

801 1385 849 1459 ad
872 1383 1063 1457 ducendos
1087 1383 1232 1456 choros.
1813 1385 1814 1390 ’

474 1568 479 1583 Ι
603 1500 665 1555 tet.
679 1513 721 1552 αι.
741 1515 782 1552 αι.
848 1480 1040 1574 Principes
1056 1479 1366 1566 Philistinorum,
1397 1474 1490 1548 dum
1509 1474 1616 1549 laethi
1641 1473 1904 1572 epularentur,
1926 1501 2014 1550 cum
2035 1489 2173 1552 caetera

638 1575 690 1620 ⁶²⁰·
800 1577 1045 1652 multitudine
1068 1575 1234 1672 oppressi
1257 1583 1346 1646 sunt
1365 1571 1479 1646 ruini
1495 1569 1654 1666 domus,
1674 1573 1785 1669 cujus
1801 1569 2175 1648 columnas'Samson

809 1682 1061 1747 concusserat.
1619 1743 1623 1752 ,
1724 1685 1726 1692 ’
2077 1751 2083 1760 ‚

606 1791 633 1831 ²·
644 1773 732 1826 Mwb·
748 1772 774 1828 ⁵·
834 1849 839 1856 ,
852 1767 1070 1866 Apollonius
1081 1767 1128 1840 ab
1147 1764 1334 1840 Antiocho
1355 1765 1493 1838 missus
1508 1765 1617 1841 venit
1632 1763 1654 1836 J
1655 1763 1907 1862 erosolymam
1920 1790 2007 1839 cum
2021 1768 2173 1840 exerci-

641 1842 685 1898 ²⁵'
802 1876 869 1958 tu,
892 1888 935 1936 ac
956 1887 1085 1960 pacem
1111 1863 1335 1948 simulavit:
1367 1860 1433 1934 sed
1450 1886 1599 1956 omnes,
1621 1863 1690 1959 qui
1714 1859 1762 1932 ad
1794 1861 2050 1958 spectaculum
2079 1889 2173 1962 pro-

808 1971 1016 2055 cesserant,
1043 1961 1258 2036 trucidavit.

1094 2167 1100 2178 ,
1188 2076 1575 2176 arrosus
1632 2051 1796 2166 xvir.

1272 2249 1397 2337 Bella
1428 2268 1469 2337 et
1502 2248 1707 2337 Victoriae.

612 2447 682 2510 cen.
697 2445 738 2514 tl·
809 2385 1029 2517 Abraham
1052 2464 1141 2516 cum
1158 2441 1287 2539 paucis
1310 2441 1419 2520 sociis
1446 2443 1524 2516 suis
1543 2435 1744 2514 debellavit
1764 2449 1926 2537 quatuor
1953 2465 2077 2538 reges,
2102 2441 2172 2538 qui

809 2555 939 2614 tamen
956 2539 1011 2620 ita
1027 2550 1199 2634 potentes
1224 2530 1361 2632 erant,
1380 2537 1483 2635 quod
1509 2535 1582 2633 ipsi
1607 2549 1723 2609 terras
1743 2535 1880 2610 multas
1904 2539 2170 2630 vastabantur,

812 2647 851 2708 et
870 2631 1022 2706 tandem
1049 2635 1343 2732 quinquereges
1361 2634 1407 2707 de
1424 2631 1620 2729 Pentapoli
1637 2634 1812 2708 vicerunt
1836 2645 1873 2706 et
1886 2633 1970 2708 illos
1991 2635 2038 2708 de
2055 2635 2170 2708 Sodo-

810 2757 875 2806 ma
899 2743 937 2803 et
963 2729 1175 2804 Gomorrha
1200 2731 1467 2828 spoliaverunt.
1492 2732 1575 2826 Ipse
1600 2753 1692 2804 vero
1712 2726 1902 2803 Abraham
1925 2731 2042 2828 spolia
2062 2756 2169 2807 rccu-

811 2826 984 2924 peravit,
1014 2839 1051 2899 et
1069 2827 1167 2899 Loth
1200 2841 1374 2924 nepotem
1413 2851 1526 2899 suum
1554 2825 1737 2900 liberavit.

861 2918 1104 3017 Notandum,
1134 2923 1235 3020 quod
1258 2926 1301 2996 in
1327 2923 1424 2996 bello
1442 2926 1562 3020 justo,
1589 2947 1668 2995 non
1693 2933 1845 2996 tenetur
1870 2923 1985 2997 homo
2007 2926 2167 3000 inimicis

811 3017 893 3090 suis
912 3041 1084 3115 pugnam·
1098 3019 1298 3117 praedicere
1320 3019 1411 3115 ,vel
1429 3045 1491 3092 eos
1513 3041 1751 3115 praemonere.
1774 3022 1855 3114 Imo
1880 3019 1967 3092 licet
1990 3023 2098 3096 etiam
2111 3024 2167 3094 eis

812 3112 968 3188 insidias
990 3115 1152 3190 tendere.
1176 3118 1280 3190 Sicut
1301 3128 1403 3214 patet
1428 3141 1495 3212 per
1522 3113 1732 3209 Abraham,
1761 3129 1798 3189 et
1824 3115 1937 3190 Josuc
1970 3131 2101 3194 octavo
2129 3129 2168 3191 et

772 3277 775 3284 λ
812 3207 968 3283 decimo.
997 3211 1101 3285 Idem
1122 3225 1225 3309 patet
1247 3213 1294 3285 de
1319 3211 1504 3287 Gedeone.

677 3307 678 3314 ’
750 3341 759 3359 ·
861 3307 1002 3380 Contra
1023 3307 1220 3402 Amalech,
1238 3308 1336 3382 filios
1354 3306 1468 3382 Isra‘el
1483 3307 1662 3405 impedire
1678 3309 1877 3404 nitentem,
1899 3309 2000 3382 misit
2018 3313 2169 3404 Moyses

811 3404 925 3478 Josu'e
953 3403 1000 3476 ad
1022 3404 1278 3502 pugnandum.
1301 3407 1383 3504 Ipse
1404 3429 1496 3481 vero
1511 3406 1553 3478 in
1568 3406 1717 3502 propria
1731 3431 1891 3502 persona
1906 3429 1983 3479 non
1996 3403 2084 3496 ivit,
2102 3405 2168 3480 sed

809 3502 853 3671 pn
871 3501 1043 3668 orapione
1069 3503 1297 3602 permansit,
1321 3513 1358 3578 et
1375 3501 1461 3606 plus
1489 3499 1579 3575 feeit
1604 3501 1767 3597 orando,
1788 3527 1903 3599 quam
1918 3501 1980 3576 ille
1994 3500 2169 3576 manibus

826 3623 929 3671 enen
957 3624 990 3670 ο.

751 3732 759 3748 ·
861 3692 948 3764 Filii
967 3691 1081 3767 lsrael
1104 3697 1215 3788 moti,
1239 3691 1351 3771 valde
1374 3693 1541 3768 animose
1563 3719 1585 3765 a
1608 3695 1723 3790 gressi
1741 3707 1832 3768 sunt
1855 3687 2018 3790 bellum,
2037 3691 2168 3790 prohi-

811 3787 924 3894 bente
938 3791 1086 3885 Moyse,
1108 3803 1239 3864 contra
1257 3789 1479 3864 amalecitas
1501 3717 1876 3868 etciananaeos.1sti
1898 3803 2033 3865 autem¹
2080 3813 2167 3864 rcu-

813 3892 949 3954 nentes
971 3894 1009 3954 et
1034 3883 1269 3960 concidentes
1291 3887 1388 3961 filios
1407 3885 1537 3980 Israel,
1557 3889 1743 3982 persecuti
1765 3900 1855 3962 sunt
1876 3915 1922 3962 us
1949 3913 1998 3961 ue
2051 3911 2164 3959 orma.

755 4017 764 4038 ·
861 3969 943 4087 ilex
958 3977 1058 4052 Arad
1086 3984 1273 4076 pugnavit
1297 3994 1428 4057 contra
1446 3981 1543 4056 filios
1559 3981 1692 4075 lsrael,
1708 3995 1745 4056 et
1762 3984 1876 4058 duxit
1890 3915 2167 4083 inhepraedam.

811 4069 873 4145 Ilh
897 4097 989 4148 vero
1017 4086 1108 4186 roto
1134 4101 1173 4149 se
1195 4077 1356 4152 Domino
1378 4091 1507 4175 postea
1531 4075 1759 4180 obligantes,
1786 4081 1963 4165 vicerunt
1991 4104 2101 4177 curn,
2126 4091 2168 4174 et,

811 4169 925 4248 urbes
945 4169 1115 4254 hoscum
1137 4171 1417 4266 subverterent
1601 4195 1604 4205 “
