4310 5472
165 395 168 402 ι
230 438 492 526 TITULUS
544 439 655 528 LXI.
694 441 921 530 Gratitudo
954 475 1053 558 erga
1083 445 1295 530 homines.
1359 467 1437 528 ιη’

89 659 199 726 Mane
216 678 380 748 mecum,
397 680 446 726 ne
461 655 602 728 timeas.
618 658 656 730 Si
671 660 757 750 quis
772 659 961 756 quaesierit
976 660 1139 732 animam
1158 672 1281 750 tuam,
1298 668 1441 752 quaeret
1541 705 1550 716 -

90 761 128 820 et
139 773 373 953 diiiitnllavid
387 843 434 914 ad
447 844 550 917 viros
565 843 587 914 J
587 847 673 951 abes
684 848 838 955 Galaad,
852 852 920 962 qui
933 849 1158 944 sepelierunt
1169 871 1322 944 corpora
1335 845 1443 939 Saul,
1462 875 1487 914 2.
1501 863 1572 930 aeg.
1591 879 1625 914 ι..

91 947 129 1008 et
144 937 308 1010 liborum
330 947 650 1031 ejus,ctgrat1as
675 954 748 1032 egit
770 945 832 1014 eis.

140 1031 296 1127 Propter
307 1055 471 1102 amorem
487 1029 657 1102 Jonathae
669 1033 738 1104 lilii
749 1037 850 1128 Saul,
860 1038 1060 1130 inquisivit
1075 1037 1213 1128 David,
1227 1039 1259 1109 si
1274 1049 1368 1109 esset
1379 1035 1443 1108 ali-
1461 1067 1486 1102 α.
1511 1051 1574 1118 mg.
1595 1065 1627 1115 9.
1677 1129 1680 1132 -

120 1126 179 1196 uis
208 1137 395 1216 superstes
417 1123 462 1193 de
485 1147 617 1216 genere
642 1127 742 1218 ejus,
761 1142 797 1198 et
816 1131 1010 1202 constituit
1033 1130 1304 1222 Miphiboseth,
1321 1130 1443 1202 silium

92 1152 281 1306 ionathaa
307 1218 508 1290 convivam
527 1241 666 1289 mensae
688 1245 775 1292 suas.

144 1309 283 1402 Regina
294 1311 387 1380 Saba
396 1309 678 1383 multamunera
689 1315 815 1386 attulit
826 1313 1307 1404 Salomoni,illevero.dedit
1319 1317 1352 1386 ei
1364 1339 1445 1386 om-
1463 1333 1488 1382 a.
1509 1333 1640 1399 meso.

95 1405 267 1498 nia,quae
274 1406 471 1500 expetivit,
483 1407 647 1498 exceptis
658 1405 737 1498 bis,
754 1434 838 1503 quae
851 1409 950 1482 ultro
963 1409 1099 1480 obtulit
1115 1410 1149 1478 ei
1166 1435 1320 1480 munere
1331 1409 1443 1502 regie.

144 1498 244 1569 Elias
260 1499 319 1592 pie
342 1523 554 1594 compassus
577 1511 632 1570 est
649 1501 801 1595 viduae,
819 1505 917 1598 apud
941 1527 1054 1597 quam
1083 1504 1384 1592 sustentabatur,
1408 1513 1488 1572 ets.
1514 1520 1578 1586 aeg.
1601 1533 1647 1585 ¹7*

95 1590 290 1700 efficaciter
323 1595 444 1701 oravit
476 1618 544 1688 pro
567 1593 645 1666 filio
677 1595 779 1672 illius
800 1597 1012 1688 defuncto,
1049 1597 1127 1688 ita,
1155 1596 1256 1692 quod
1278 1598 1400 1692 ipsum
1424 1621 1446 1666 e

95 1699 254 1758 mortuis
283 1691 491 1762 suscitavit.

143 1781 325 1875 Allegavit
346 1778 483 1855 Abdias
500 1785 741 1879 beneficium,
757 1787 857 1882 quod
880 1785 1088 1860 contulerat
1109 1785 1302 1880 prophetis
1319 1784 1444 1856 Domi·
1463 1799 1489 1854 3.
1507 1802 1569 1869 neg.
1592 1799 1629 1850 m

94 1877 155 1962 ni,
168 1901 263 1969 quos
273 1876 532 1968 absconderat,
543 1881 693 1972 quando
705 1884 971 1976 quaerebantur
982 1879 1028 1950 ad
1047 1893 1223 1972 mortem,
1240 1879 1287 1950 ad
1302 1877 1374 1950 hoc
1388 1879 1444 1952 vi-

96 1969 247 2058 delicet,
259 1970 361 2064 quod
373 1971 473 2042 Elias
487 1975 670 2044 nuncium
681 1976 933 2069 periculosum
945 1975 979 2044 ei
990 1977 1185 2069 injungere
1194 2001 1270 2047 non
1282 1973 1443 2046 deberet.

145 2064 376 2140 Ascensums
405 2067 445 2134 in
481 2067 633 2156 coelum,
655 2069 750 2140 bene
773 2067 1029 2142 remuneravit
1064 2067 1290 2163 discipulum
1333 2091 1446 2140 suum
1464 2086 1490 2151 t.
1512 2087 1576 2151 neg.
1601 2099 1629 2132 2·

98 2155 219 2240 Elias,
244 2155 382 2224 scilicet
402 2157 591 2229 Elisoeum.

145 2245 295 2318 Mulieri
311 2247 518 2319 Sunamitae·
529 2249 686 2340 hospitae
703 2253 830 2320 Elisaei
848 2257 926 2342 ipse
942 2256 1098 2325 Elisaeus
1116 2258 1274 2348 benigne
1292 2254 1448 2344 obtulit,
1466 2261 1491 2329 l·
1511 2263 1574 2328 neg.
1602 2258 1636 2323 l·¹

96 2353 141 2414 ut
165 2340 384 2434 loqueretur
399 2367 467 2434 pro
486 2367 528 2412 ea
545 2343 639 2436 rogi,
663 2345 694 2414 si
710 2341 810 2436 apud
828 2345 951 2436 ipsum
967 2343 1120 2415 haberet
1134 2350 1334 2438 negotium.
1354 2349 1449 2416 Item
1494 2423 1497 2430 ,

94 2435 218 2510 filium
242 2431 361 2504 eidem
389 2437 622 2528 impetravit,
640 2451 676 2507 et
693 2447 822 2530 postea
845 2451 1038 2509 mortuum
1062 2439 1290 2513 suscitavit·

145 2527 310 2600 Naaman
332 2531 457 2626 Syrus.
469 2527 671 2602 inundatus
686 2556 709 2600 a
726 2531 843 2622 lepra,
860 2530 906 2599 ad
929 2533 1088 2604 verbum
1107 2533 1246 2626 Elisaei,
1265 2530 1401 2603 obtulit
1417 2532 1451 2603 ei
1469 2543 1494 2609 t·
1513 2543 1575 2608 Res·
1606 2539 1633 2591 5.
1663 2613 1672 2628 δ

101 2649 276 2714 munera,
293 2623 436 2695 dicens:
457 2625 637 2714 Obsecr0,
653 2637 696 2696 ut
712 2623 869 2716 accipias
888 2623 1181 2696 benedictionem
1203 2653 1226 2696 a
1247 2649 1356 2698 servo
1374 2637 1450 2698 tuo.

146 2719 386 2794 Accusatores
406 2716 621 2790 Judaeorum
643 2722 828 2791 miserunt
847 2718 1040 2814 epistolam
1061 2721 1264 2790 Artaxerxi
1283 2720 1375 2810 regi,
1393 2722 1453 2789 in·
1474 2737 1496 2768 ¹·
1518 2714 1569 2768 Μ
1589 2712 1616 2780 l.-

97 2828 155 2885 ter
177 2825 307 2886 caetera
326 2814 578 2886 continentem
593 2837 600 2881 :
620 2811 700 2884 Nos,
715 2823 842 2886 autem
856 2837 1039 2884 memores
1055 2813 1157 2902 salis,
1208 2813 1283 2885 uod
1297 2814 1339 2882 in
1358 2813 1454 2906 pala

98 2909 151 2980 tio
169 2908 414 2998 comedimus,
437 2919 474 2979 et
496 2909 587 3005 quia
601 2907 771 2980 laesiones
794 2908 889 3003 regis
911 2906 1040 2982 videre
1057 2907 1162 2980 nefas
1182 2841 1377 2999 ilucimus,
1397 2906 1456 2978 id.-

99 3004 196 3074 circo
217 3005 387 3074 misimus
408 3014 476 3072 etc.

146 3095 281 3162 Tobiae
325 3091 452 3184 unior,
475 3121 562 3166 cum
582 3098 702 3169 multa
718 3097 946 3189 gratitudine
962 3100 1094 3170 retulit
1113 3100 1211 3192 patri
1227 3123 1295 3170 suo
1313 3094 1455 3169 beneli-
1472 3097 1546 3154 Tob·'
1565 3115 1615 3150 ¹²·-

105 3187 161 3256 cia
179 3209 200 3254 a
223 3121 385 3276 Replia'el
407 3202 589 3281 percepta.

150 3275 287 3350 Esther
307 3278 435 3368 regina
456 3304 533 3349 non
555 3281 630 3352 fuit
649 3283 799 3375 ingrata
825 3282 1059 3355 Mardochaeo
1081 3283 1262 3354 nutritori
1281 3308 1359 3352 suo.
1441 3287 1446 3295 '
1473 3276 1566 3324 ΕΜ
1583 3273 1608 3336 l·
1627 3291 1652 3340 ⁷·

150 3367 494 3443 Nabuchodonosor
515 3397 585 3440 rex
606 3373 811 3469 Babylonis
835 3377 963 3448 auditi
989 3377 1221 3470 expositione
1244 3375 1380 3444 somnii
1399 3375 1457 3444 sui
1474 3383 1543 3430 nan.
1559 3379 1652 3443 tete.

103 3495 170 3564 per
190 3463 402 3552 Danielem,
418 3464 459 3532 in
477 3464 636 3542 sublime
655 3487 741 3536 eum
764 3467 920 3555 extulit,
936 3483 973 3540 et
995 3493 1129 3560 magna
1146 3491 1303 3536 munera
1322 3466 1378 3534 illi
1400 3465 1460 3534 de-

103 3563 174 3634 dit:
196 3557 373 3628 Similiter
395 3567 433 3626 et
453 3555 649 3626 Baltbasar
670 3556 872 3628 honoravit
893 3585 996 3648 eum,
1014 3585 1082 3652 pro
1098 3583 1140 3628 eo
1157 3557 1258 3651 quod
1277 3581 1460 3649 exposue-

16 3682 23 3694 ·
104 3668 164 3730 rat
188 3652 223 3721 ei
245 3653 493 3746 scripturam,
511 3674 625 3743 quam
643 3653 685 3721 in
708 3649 847 3745 pariete
863 3651 1019 3724 viderat.

151 3743 319 3818 Audiens
347 3745 369 3816 J
372 3743 463 3817 udas
483 3741 734 3834 Machabaeus,
751 3741 851 3837 quod
874 3741 1140 3843 Scythopolitae
1158 3746 1253 3816 bene
1269 3769 1309 3816 se
1325 3742 1462 3814 habue-
1482 3774 1505 3807 ι.
1518 3757 1605 3806 mct.
1617 3770 1655 3807 n.

105 3853 190 3914 rant
207 3839 257 3912 ad
277 3839 299 3910 J
301 3839 426 3912 udaeos
445 3842 486 3910 in
504 3852 579 3910 tem
607 3863 670 3910 ore
687 3837 940 3913 tribulationis
958 3865 1102 3930 eorum,
1118 3841 1254 3935 gratias
1276 3839 1349 3932 egit
1372 3837 1458 3908 illis.

153 3935 323 4008 Seniores
340 3934 362 4005 J
366 3932 558 4006 udaeorum
581 3863 762 4006 dixerunt
782 3932 944 4007 Domino
966 3935 1055 4008 Jesu
1076 3935 1121 4006 de
1145 3935 1370 4006 Centurione
1393 3958 1461 4026 pro
1480 3942 1544 3992 Luc·
1573 3959 1597 4010 ς·

104 4055 213 4104 servo
241 4029 391 4100 infirmo
421 4039 596 4122 rogante:
630 4028 775 4122 Dignus
800 4041 877 4120 est,
898 4041 940 4100 ut
960 4029 1031 4102 hoc
1053 4029 1108 4102 illi
1142 4040 1304 4125 praestes.
1331 4026 1461 4122 Diligit

105 4125 206 4196 enim
228 4135 374 4216 gentem
394 4134 583 4214 nostram,
608 4135 645 4194 et
673 4147 901 4220 synagogam
927 4125 1125 4197 aedificavit
1146 4124 1264 4195 nobis.

150 4217 223 4292 Pie
238 4227 275 4290 ct
291 4217 400 4314 plene
421 4217 704 4316 recognoscebat
730 4217 871 4294 Paulus
893 4219 1072 4296 beneficia
1091 4220 1163 4294 sibi
1185 4217 1326 4292 collata.
1350 4216 1461 4292 Unde
1482 4225 1569 4281 estat.
1590 4223 1626 4288 t,-
