4310 5472
799 291 883 392 ‘124
1096 271 1359 372 TITULUS
1401 278 1575 372 LXVII.
1614 225 1873 374 Jactantia.¹

792 415 2112 454 Q

799 507 842 578 in
862 505 970 579 corde
990 519 1080 580 tuo:
1101 508 1141 581 in
1173 509 1309 581 coelum
1337 505 1604 600 conscendam,
1624 505 1737 604 super
1757 517 1857 580 astra
1880 509 1967 586 Dei
1994 522 2112 594 exaltat

801 602 937 674 solium
972 628 1124 696 meum,
1151 617 1187 677 et
1209 603 1339 678 similis
1366 627 1429 674 ero
1458 600 1648 676 altissimo.

605 717 701 767 ream.
724 711 767 780 4⁸·
848 698 920 769 Per
945 698 1143 772 Jeremiam
1171 700 1310 772 dicitur
1334 697 1380 768 de
1406 697 1547 768 Moab:
1575 699 1832 772 summitatem
1865 706 1964 799 ejus
1997 726 2033 784 et
2057 741 2112 785 uro

679 793 683 802 '
802 793 964 887 gantiam
994 795 1214 891 ejus,quod
1245 818 1323 866 non
1351 793 1398 865 sit
1428 795 1540 884 juxta
1565 819 1644 866 eam
1671 797 1751 888 ejus
1779 797 1916 872 virtus
1950 821 2016 878 etc.

605 901 675 953 usn.
697 901 722 952 3.
850 887 1192 962 Nabuchodonosor
1218 915 1289 963 rex
1317 887 1521 986 Babylonis
1550 887 1650 962 dixit
1675 890 1796 962 tribus
1824 897 1950 971 sociis
1975 905 2112 991 Danieli,

801 985 869 1078 qui
886 984 1090 1057 noluerunt
1110 997 1271 1058 statuam
1286 987 1368 1082 ejus
1391 981 1543 1056 adorare
1564 1009 1571 1053 :
1591 985 1685 1074 Quis
1708 997 1763 1059 est
1782 987 1915 1086 Deus,
1948 1001 2006 1094 qui
2016 1003 2112 1095 eaput

799 1103 868 1151 vos
895 1077 941 1150 de
968 1105 1083 1152 manu
1117 1081 1228 1152 mea?

604 1189 673 1240 nan.
694 1187 744 1254 t..
789 1193 792 1198 ·
845 1172 1097 1248 Deambulans
1128 1176 1170 1248 in
1196 1175 1282 1248 aula
1317 1174 1677 1268 Nabuchodonosor,
1696 1177 1748 1248 ait
1770 1203 1778 1247 τ
1801 1179 1946 1259 Nonne
1979 1187 2043 1260 hac
2070 1203 2105 1260 est

758 1287 763 1298 ’
797 1267 970 1365 Babylon
1000 1271 1131 1344 civitas
1157 1297 1312 1367 magna,
1346 1297 1460 1368 quam
1489 1269 1671 1346 edificavi
1700 1273 1742 1344 in
1771 1273 1933 1352 domum
1962 1288 2066 1378 regni,
2080 1287 2104 1353 ir

798 1363 930 1434 robore
946 1363 1177 1438 fortitudinis
1196 1391 1288 1438 meae
1306 1369 1402 1440 etin
1424 1365 1538 1461 gloria
1556 1366 1698 1441 decoris
1720 1369 1821 1468 mei'l
1833 1373 1999 1473 Cumque
2017 1379 2102 1452 adin:

800 1481 921 1528 sermo
942 1470 1037 1530 esset
1063 1461 1106 1531 in
1131 1486 1195 1532 ore
1221 1462 1338 1555 regis,
1355 1487 1436 1538 vox
1461 1463 1507 1535 de
1529 1461 1623 1534 coelo
1646 1464 1726 1535 ruit
1750 1477 1820 1538 etc.

603 1579 623 1613 ι.
638 1561 724 1615 meh.
740 1564 766 1616 3.
847 1551 1004 1624 Audivit
1036 1555 1176 1644 Seron,
1198 1557 1300 1651 quod
1332 1561 1569 1653 congregavit
1594 1557 1709 1631 ludas
1732 1561 1918 1634 Ecclesiam
1936 1565 2102 1658 fidelium,

604 1671 607 1682 ·
800 1656 837 1716 et
855 1646 907 1716 ait
919 1670 926 1713 :
939 1647 1086 1720 Faciam
1097 1650 1200 1722 mihi
1221 1665 1424 1743 nomen,et
1442 1653 1631 1726 debellabo
1642 1653 1858 1750 Judammd
1869 1660 1944 1755 ipse
1963 1675 2102 1734 emntn

800 1737 876 1813 fuit
906 1741 979 1812 cito
1009 1741 1212 1816 debellatus
1237 1745 1285 1815 ab
1306 1771 1359 1818 eo.

602 1844 723 1898 ruach.
741 1864 781 1899 ιο.
848 1835 1059 1909 Demetrius
1086 1838 1186 1911 filius
1212 1841 1391 1916 Demetrii
1417 1842 1520 1916 misit
1550 1843 1598 1916 ad
1626 1845 1848 1944 Jonatham,
1864 1849 1985 1927 dicens
2006 1881 2013 1923 :
2038 1857 2094 1926 ue

800 1931 915 2002 cende
945 1930 991 2002 ad
1019 1958 1088 2006 nos
1114 1935 1156 2007 in
1188 1961 1361 2032 campum
1387 1951 1425 2010 et
1457 1963 1711 2035 comparemus
1740 1943 1817 2016 illic
1846 1950 2091 2045 invicemque

798 2049 946 2100 mecum
977 2041 1032 2101 est
1054 2030 1178 2104 virtus
1200 2031 1392 2112 bellorum,
1419 2035 1631 2130 Interroga,
1654 2049 1692 2108 et
1711 2037 1835 2136 disce,
1857 2047 1942 2141 quis
1964 2071 2027 2119 sum
2049 2069 2091 2138 ega

796 2134 866 2196 etc.
902 2123 972 2196 Sed
998 2124 1109 2220 paulo
1139 2140 1223 2224 post
1244 2126 1339 2200 male
1366 2134 1543 2202 successit
1570 2133 1613 2202 ei.

599 2242 627 2286 a.
644 2235 731 2288 utet.
754 2237 781 2290 a.
844 2217 1007 2292 Nicanor
1026 2235 1261 2316 pugnaturus
1283 2235 1412 2296 contra
1434 2222 1589 2317 Judam,
1604 2231 1756 2304 vocavit
1776 2239 2020 2332 negotiatores,
2037 2263 2089 2332 pn

795 2314 965 2482 guttens,
992 2342 1033 2391 se
1058 2315 1236 2392 daturum
1261 2345 1330 2415 pro
1360 2345 1439 2394 uno
1468 2319 1608 2397 talento
1639 2327 1848 2422 nonaginta
1873 2335 2024 2428 mancipia
2040 2333 2090 2404 Ju-

821 2437 971 2485 aeorum.

601 2537 627 2573 η.
645 2521 733 2573 nach.
751 2539 780 2591 9.
845 2505 1086 2577 Multitudine
1116 2509 1305 2579 adarmata
1334 2524 1596 2606 concurrente,
1612 2515 1763 2613 fugatus
1788 2537 1847 2596 est
1877 2529 2016 2625 mrpiter
2041 2529 2088 2597 Aa

795 2596 944 2670 tiochus
975 2597 1022 2666 de
1050 2599 1236 2696 Persepoli
1262 2603 1413 2678 civitate
1444 2606 1605 2683 Persidis
1634 2625 1674 2685 et
1700 2619 1858 2712 superbe
1885 2623 2015 2698 locutus
2040 2633 2088 2691 est.

796 2686 923 2760 dicens
953 2715 961 2759 :
990 2715 1029 2764 se
1053 2705 1261 2796 venturum
1282 2699 1505 2794 Jerusalem,
1524 2716 1562 2777 et
1583 2711 1791 2805 congeriem
1812 2718 1969 2814 sepulcri
1984 2715 2090 2790 ludeo

794 2807 882 2858 rum
905 2807 986 2856 eam
1006 2785 1206 2862 facturum.

600 2901 725 2957 auat.
741 2901 778 2954 ιε.
843 2875 1005 2952 Nicanor
1020 2881 1264 2978 interrogavit
1281 2888 1449 2964 Judoeos:
1463 2895 1499 2966 Si
1517 2909 1573 2971 est
1620 2911 1725 2976 otens
1742 2906 1784 2978 in
1800 2909 1895 2998 ooelo,
1916 2912 2093 3002 quiimpe

794 2973 895 3078 ravit
923 2971 1021 3046 diem
1050 2977 1321 3086 sabbatorum?
1348 2923 1667 3085 Respondentibus
1691 2999 1767 3076 illis
1774 3003 1968 3096 ,Dominus
1984 3013 2092 3096 potens

793 3088 836 3136 1n
861 3067 976 3236 coelp,
996 3096 1062 3166 qur
1089 3078 1283 3152 constituit
1301 3079 1401 3156 diem
1423 3090 1640 3185 septimum,
1657 3094 1732 3168 ait:
1753 3111 1793 3171 et
1812 3125 1878 3196 ego
1899 3111 2016 3196 potens
2032 3119 2094 3169 sum

793 3184 854 3244 su,
885 3189 905 3236 r
942 3190 1062 3240 erram
1088 3183 1155 3244 etc.

597 3277 694 3332 mtu.
719 3277 761 3330 26.
859 3271 977 3334 etrus
993 3263 1101 3338 valde
1120 3267 1296 3344 audacter
1323 3272 1423 3349 dixit
1442 3278 1605 3354 Domino
1626 3309 1633 3354 :
1656 3286 1725 3358 etsi
1746 3313 1877 3365 omnes
1896 3289 2095 3366 waitzo

594 3371 693 3423 ratu.
718 3372 757 3439 14.
791 3351 956 3466 suerint,
975 3357 1039 3431 sed
1060 3387 1140 3434 non
1165 3389 1243 3461 ego.
1265 3367 1335 3440 Sed
1359 3382 1485 3466 postea
1501 3375 1609 3473 longe
1627 3378 1734 3456 aliter
1753 3385 1893 3460 accidit.

593 3460 658 3517 Luc·
681 3462 707 3531 t·
838 3449 914 3541 Qut
936 3479 975 3526 se
1000 3457 1142 3552 jactant
1168 3473 1206 3532 et
1232 3461 1412 3560 dilatant,
1427 3473 1594 3546 maxime
1617 3475 1651 3546 si
1669 3484 1925 3576 mentiuntur,
1944 3479 2099 3556 diabulau

791 3547 998 3646 specialiter
1021 3555 1238 3651 imitantur,
1285 3560 1326 3633 ui
1347 3560 1461 3657 dixit,
1481 3591 1568 3640 cum
1588 3572 1810 3648 ostendisset
1829 3581 1992 3656 Domino
2010 3578 2099 3652 nunu

789 3669 903 3736 regna
925 3647 1081 3722 mundi:
1097 3651 1192 3724 Mihi
1206 3586 1342 3728 tradita
1363 3671 1452 3732 sunt
1474 3664 1620 3758 omnia,
1643 3681 1680 3740 et
1704 3671 1767 3744 cui
1786 3675 1899 3770 volo,
1923 3677 1975 3752 do
1995 3675 2052 3749 illa

590 3750 654 3810 Luc,
673 3753 716 3806 ιε.
793 3830 801 3844 ο
836 3737 1170 3844 contrajacentes
1197 3773 1252 3843 se,
1271 3761 1311 3822 et
1329 3767 1554 3851 arrogantes,
1569 3760 1702 3837 indicit
1718 3767 1907 3848 Dominus
1927 3768 2103 3870 euernplttll

790 3828 892 3936 albus
913 3831 1091 3942 Pbarisaei
1108 3838 1265 3922 dicentis
1285 3870 1293 3914 :
1317 3843 1401 3922 Nou
1420 3875 1506 3924 sum
1527 3857 1625 3930 sicut
1645 3863 1769 3935 caeteri
1790 3862 2024 3965 hominum,-
2036 3863 2112 3952 velut}

792 3933 906 3995 ettam
928 3923 991 3997 luo
1011 3931 1242 4025 publicanus.
2111 3959 2112 4008 l

589 4019 668 4080 ΞΜ·
688 4040 715 4094 s·
837 4021 980 4128 Magnae
995 4034 1213 4133 arrogantiae
1230 4039 1348 4114 verba
1369 4039 1550 4121 dixerunt
1571 4047 1750 4130 Plrarisaei
1770 4067 1877 4132 coeco
1909 4075 2112 4156 maiomam]

786 4112 971 4222 Dominus
991 4117 1234 4226 illuminavit,
1254 4146 1292 4208 et
1312 4133 1396 4210 illos
1421 4139 1691 4232 rationabiliter
1704 4149 2112 4255 contundebatur&

786 4220 877 4306 cella
897 4225 1010 4308 natus
1030 4241 1071 4320 gt
1092 4229 1212 4343 totus,
1232 4240 1270 4310 et
1295 4245 1340 4312 tu
1362 4231 1470 4318 doces
1496 4239 1594 4320 nos?
1967 4249 1976 4258 ’

1591 4293 1598 4304 ι

1587 4317 1593 4330 1
