4498 5462
579 383 584 394 ·
713 331 794 424 186
906 369 909 380 ¹
1005 317 1292 442 ,TITULUS
1323 324 1479 418 XCIX.
1512 323 1746 417 Miracula.

444 593 451 604 ·
514 580 592 636 roan.
614 593 658 630 ss.
758 553 903 628 Deinde
936 552 1107 648 apparuit
1131 547 1484 647 discipulis,januis
1507 547 1652 623 clausis.

514 682 592 735 roan.
617 694 660 730 αι.
759 653 809 724 'Et
836 650 882 722 ad
905 673 1006 746 mare
1027 647 1266 746 Tyberiadis,
1281 647 1349 720 ubi
1364 643 1411 716 ad
1432 657 1662 741 praeceptum
1681 649 1764 744 ejus
1791 654 1982 725 mittentes
1996 663 2089 725 rete

713 749 756 820 in
787 757 910 836 mare,
931 741 1127 840 impletum
1160 756 1216 815 est
1245 742 1390 837 magnis
1410 739 1578 834 piscibus
1613 755 1768 818 centum
1804 749 2086 844 quinquaginta

714 845 858 932 tribus,
885 853 922 913 et
951 864 1037 912 cum
1058 841 1156 911 tanti
1182 850 1323 929 essent,
1343 861 1423 908 non
1448 848 1506 906 est
1529 836 1688 911 scissum
1714 853 1805 914 rete.

517 977 586 1030 rob.
602 974 645 1042 24.
764 938 930 1012 Tandem
941 935 1186 1030 quadraginta
1196 934 1273 1006 dies
1284 943 1368 1029 post
1378 933 1691 1004 resurrectionem
1703 961 1809 1010 suam
1822 941 1994 1034 apparuit
2006 939 2079 1012 dis·

518 1059 611 1112 Actor.
640 1075 665 1112 ι.
716 1033 940 1131 cipulis,eos
951 1031 1147 1126 increpans
1159 1041 1195 1102 et
1206 1026 1640 1102 instruensvidentibus
1650 1027 1726 1100 illis
1738 1044 1853 1127 atque
1864 1034 2082 1106 admiranti·

715 1133 787 1203 bus
808 1129 974 1201 elevatus
991 1127 1097 1202 estin
1110 1125 1265 1216 coelum,
1280 1135 1317 1194 et
1334 1122 1454 1193 nubes
1471 1123 1634 1216 suscepit
1645 1147 1734 1196 eum
1747 1127 1794 1196 ab
1806 1129 1924 1201 oculis
1935 1155 2081 1202 eorum:

690 1269 697 1278 ·
765 1223 947 1298 Praedicta
962 1221 1142 1294 miracula
1152 1220 1194 1292 in
1206 1217 1354 1314 speciali
1364 1217 1589 1309 tangrmtu'r,
1602 1217 1674 1288 alia
1684 1245 1778 1292 vero
1789 1221 1951 1316 plurima
1961 1223 2079 1297 firisse

717 1321 817 1396 facta
831 1321 873 1392 in
885 1316 1046 1414 generali
1057 1315 1251 1410 leguntur,
1264 1315 1361 1386 siout
1377 1322 1528 1406 apparet
1539 1311 1581 1384 in
1593 1311 1751 1387 diversis
1767 1315 1875 1406 locis,
1888 1320 1929 1388 in
1941 1319 2085 1392 Matths
2217 1333 2218 1372 ³

719 1423 854 1508 Maro,
872 1416 961 1486 Luc.
990 1423 1036 1483 et·
1051 1411 1156 1482 Joan.
1181 1409 1293 1482 Unde
1316 1409 1422 1481 Joan.
1436 1431 1444 1474 :
1458 1406 1578 1478 Multa
1597 1408 1745 1504 quidem
1766 1409 1836 1479 alia
1858 1409 1961 1502 signa
1979 1411 2077 1486 fecit

720 1512 742 1582 J
744 1538 851 1602 esus,
870 1533 955 1605 quae
976 1508 1007 1579 si
1024 1507 1295 1596 scriberentur,
1318 1515 1416 1578 totus
1434 1499 1600 1574 mundus
1617 1527 1691 1574 non
1707 1515 1849 1596 caperet
1866 1502 1980 1576 libros
1996 1517 2069 1578 etc.

769 1607 865 1680 Miro
875 1603 987 1676 modo
1004 1601 1078 1673 fuit
1096 1627 1158 1672 ma
1183 1625 1274 1673 num
1286 1597 1510 1670 miraculum
1527 1595 1571 1666 de
1587 1595 1759 1670 effusione
1771 1595 1926 1691 Spiritirs
1938 1599 2069 1674 Sancti

721 1725 834 1796 super
862 1698 1063 1792 discipulos
1086 1696 1129 1766 in
1152 1627 1211 1767 die
1234 1696 1483 1768 Pentecostes.
1505 1690 1613 1766 Unde
1633 1691 1788 1765 fuerunt
1806 1691 1860 1764 ita
1883 1693 2085 1788 roborati,

721 1793 941 1870 consolidati
962 1804 1000 1864 et
1025 1791 1214 1865 illustrati.
1338 1831 1342 1842 ·
1508 1777 1512 1821 '

770 1891 911 1966 Videns
925 1889 1058 1962 Petrus
1077 1886 1271 1960 hominem
1284 1885 1464 1962 claudum
1476 1887 1590 1984 juxta
1604 1894 1751 1980 portam
1773 1881 1974 1977 speciosam
1984 1897 2083 1960 tem-

679 2065 681 2070 ,
721 1989 801 2090 pli:
824 1989 867 2060 in
892 1985 1045 2060 nomine
1071 1981 1178 2074 Jesu,
1201 1982 1301 2056 dixit
1322 1984 1372 2076 ei,
1395 2007 1521 2079 surge,
1542 1992 1579 2052 et
1601 1979 1769 2071 ambula,
1790 1990 1828 2050 et
1850 2004 1872 2048 a
1897 1979 2088 2076 prehensis

723 2111 841 2254 manlu
866 2086 948 2181 ejus
970 2077 1123 2176 dextri,
1138 2079 1316 2156 allevavit
1336 2105 1421 2156 eum
1435 2133 1445 2172 ,
1461 2090 1499 2154 et
1514 2074 1752 2152 consolidatae
1774 2005 1985 2150 suntbases
1999 2078 2083 2174 ejus

723 2195 761 2257 et
821 2193 929 2254 antee.

773 2209 951 2376 Drinceps
972 2274 1227 2368 sacerdotum,
1244 2286 1282 2349 et
1301 2276 1368 2374 qui
1386 2299 1473 2346 cum
1491 2272 1562 2345 illo
1576 2281 1702 2362 erant,
1720 2272 1930 2366 injecerunt
1945 2293 2086 2344 manus

724 2381 769 2454 in
783 2374 977 2473 Apostolos
992 2427 1002 2468 ,
1017 2385 1298 2472 posueruntque
1315 2383 1377 2446 eos'
1392 2372 1434 2444 in
1453 2367 1622 2442 custodia
1636 2366 1786 2462 publica
1800 2396 1818 2461 3»
1832 2367 1995 2462 Angelus
2011 2391 2086 2442 au-

727 2487 805 2548 tem
828 2471 982 2542 Domini
998 2495 1066 2560 per
1086 2481 1235 2556 noctem
1263 2467 1397 2538 eduxit
1419 2489 1506 2554 eoa,
1530 2474 1567 2535 ct
1591 2485 1775 2536 carcerem
1800 2463 1963 2537 reclusit.

529 2575 648 2656 aonem-¹
777 2567 822 2634 In
844 2559 974 2657 plateis
996 2560 1184 2655 ponebant
1203 2560 1372 2634 infirmos
1397 2562 1439 2634 in
1461 2559 1566 2631 lectis
1590 2571 1626 2631 et
1644 2560 1823 2653 grabatis,
1846 2571 1890 2632 ut
1908 2559 2091 2634 veniente

729 2659 841 2732 Petro
852 2655 982 2728 saltem
993 2658 1128 2728 umbra
1138 2655 1240 2728 illius
1254 2657 1494 2732 obumbraret
1505 2679 1731 2750 quemquam
1745 2653 1905 2726 illorum.
1921 2654 2088 2729 Concur-

729 2755 834 2829 rebat
849 2763 974 2823 autem
991 2752 1195 2828 multitudo
1214 2753 1426 2822 vicinarum
1449 2751 1669 2841 civitatum,
1691 2763 1726 2822 et
1743 2750 1896 2822 sanabat
1913 2775 2058 2822 omnes.

534 2865 628 2918 Actor.
646 2863 673 2913 a.
777 2845 1008 2918 Praedicante
1025 2843 1198 2939 Philippo
1218 2843 1256 2916 in
1279 2846 1465 2939 Samaria,
1479 2847 1608 2940 multi,
1625 2847 1690 2942 qui
1713 2845 1896 2918 habebant
1924 2844 2091 2940 spiritus

730 2938 966 3030 immundos,
988 2937 1188 3014 clamantes
1215 2939 1381 3015 exibant.
1405 2941 1516 3016 Multi
1541 2942 1661 3018 etiam
1673 2939 1869 3038 paralytici
1896 2951 1935 3012 et
1956 2939 2091 3016 claudi

604 3061 607 3069 ·
732 3037 852 3110 curati
870 3045 968 3110 sunt.
1233 3051 1235 3054 ·

533 3155 625 3212 Actor.
644 3175 671 3228 9.
779 3136 931 3206 AEneam
951 3132 1201 3242 paralyticum
1222 3135 1269 3207 ab
1288 3135 1397 3211 annis
1417 3149 1556 3233 septem
1578 3139 1761 3230 jacentem
1783 3133 1828 3208 in
1847 3134 1998 3230 grabato
2015 3133 2092 3210 Pe,
2219 3127 2220 3204 l

729 3242 813 3305 trus
833 3241 980 3305 sanavit
995 3284 1006 3321 ,
1024 3229 1181 3301 dicendo
1198 3255 1206 3299 ε
1224 3234 1355 3322 AEnea‚
1376 3244 1479 3306 sanet
1501 3244 1539 3304 te
1556 3233 1741 3306 Dominus
1763 3230 1785 3302 J
1788 3255 1882 3304 esus.

533 3344 644 3410 Eodem.
778 3328 918 3424 Ejectis
944 3325 1119 3398 omnibus
1148 3323 1272 3420 foras,
1294 3329 1428 3404 Petrus
1450 3353 1593 3424 ponens
1619 3353 1740 3424 genua
1760 3326 1905 3415 oravit,
1931 3333 1968 3394 et
1988 3347 2093 3396 con-

730 3443 865 3500 versus
886 3419 933 3494 ad
956 3443 1094 3517 corpus-
1112 3421 1282 3496 Thabitae
1304 3435 1519 3516 mortuum,
1546 3424 1647 3498 dixit
1670 3449 1678 3493 ε
1699 3422 1857 3498 Thabila
1882 3441 2001 3514 surge.
2033 3420 2093 3494 At

730 3519 796 3594 illa
820 3518 966 3617 aperuit
991 3517 1139 3609 oculos,
1164 3531 1200 3591 et
1225 3520 1310 3594 viso
1330 3521 1441 3593 Petro
1466 3519 1613 3594 resedit.
1978 3519 1985 3530 '

535 3635 627 3694 teter.
648 3653 675 3704 9·
780 3615 948 3689 Mirabile
966 3626 1003 3686 et
1028 3615 1184 3686 amabile
1207 3613 1348 3689 factum
1372 3615 1467 3708 fuit,
1491 3615 1593 3711 quod
1618 3613 1780 3709 Saulus,
1807 3614 1900 3688 dum
1921 3613 1991 3684 iret
2010 3611 2101 3682 Da-

731 3734 923 3800 mascmn,
951 3709 998 3781 ad
1018 3709 1241 3804 capiendum
1264 3709 1404 3782 Christi
1429 3711 1651 3807 discipulos,
1683 3711 1826 3785 coelesti
1846 3708 1991 3782 lumine
2015 3707 2097 3780 cir-

734 3805 953 3897 cumdatus,
982 3804 1024 3877 in
1053 3817 1192 3879 terram
1224 3817 1432 3902 prostratus
1454 3819 1538 3881 est:
1568 3805 1633 3880 sed
1666 3807 1826 3882 interius
1854 3805 2098 3898 illustratus,

570 3933 577 3968 t
733 3902 908 3996 quamvis
932 3900 1044 3973 extra
1063 3914 1288 3975 excoecatus.

539 4017 630 4072 Actor.
647 4032 688 4069 n.
783 3997 938 4066 Petrum
963 3993 1234 4070 incarceratum
1251 4053 1262 4090 ,
1279 3999 1418 4071 catenis
1440 3968 1586 4074 duabus
1612 3997 1784 4075 vinctum
1798 4054 1816 4092 ,.
1829 4011 1867 4074 et
1886 4024 1910 4072 a
1933 3996 2102 4072 sedecim

734 4090 918 4164 militibus
959 4087 1239 4184 diligentissime
1277 4094 1506 4167 custoditum
1545 4067 1698 4192 angelus
1731 4095 1886 4170 Domini
1921 4091 2108 4166 solutum

735 4186 888 4280 eduxit,
908 4197 945 4258 et
966 4197 1074 4282 porta
1100 4185 1219 4262 ferrea
1249 4191 1349 4264 ultra
1373 4201 1498 4286 aperta
1517 4204 1573 4265 est
1600 4195 1662 4263 eis.

535 4292 629 4366 aeus.
650 4293 693 4372 ¹,³·,
782 4283 959 4390 Elymam
979 4307 1148 4385 magum,
1169 4285 1556 4388 pseudo-Prophetam
1572 4285 1748 4365 Judaeum
1766 4233 1907 4366 Paulus
1924 4281 2106 4384 privavit
