4464 5464
719 382 798 466 258
837 371 1103 464 TITULUS
1130 363 1365 456 CXXXIX.
1389 359 1616 492 Principes
1614 375 1690 507 ..X
1697 359 1971 498 superiores,
1997 381 2092 460 etc.

1727 495 2090 528 ““““-““““““··-·--ι

717 610 789 682 ivit
805 633 954 680 omnem
975 604 1107 692 Israel,
1129 601 1312 674 allocutus
1325 621 1410 688 eos,
1426 593 1554 666 dicens
1567 613 1574 658 :
1588 589 1743 680 Scitote,
1759 591 1940 682 quoniam
1957 621 2087 674 exau·-

718 705 816 778 divit
841 703 1025 776 Dominus
1060 724 1184 797 preces
1208 707 1377 770 nostras:
1407 691 1539 786 Sicque
1563 684 1745 784 populum
1765 684 1877 758 bonis
1901 689 2086 768 exhorta-

718 801 886 873 tionibus
908 798 1151 871 confortabat.

524 926 574 976 us.
592 935 636 972 aa.
768 896 897 968 Bonus
923 893 1098 989 praelatus
1121 891 1229 964 debet
1245 912 1324 959 esse
1350 883 1458 979 quasi
1477 883 1599 969 bonus
1615 891 1720 974 pater
1740 878 1874 974 populi
1896 883 1964 955 sibi
1977 911 2085 962 com-

721 993 836 1064 missi.
849 988 943 1060 Nam
956 989 1002 1060 ‹le
1013 987 1215 1075 Eliaohirn,
1227 1007 1339 1079 quem
1352 977 1543 1050 constituit
1555 977 1739 1047 Dominus
1750 976 1834 1048 1000
1846 977 1974 1053 Sobnae
1987 1010 2083 1078 prae-
2206 1040 2207 1049 κ

720 1087 833 1184 positi
848 1085 987 1160 dicitur
1000 1083 1099 1180 apud.
1111 1086 1179 1154 Isa.
1198 1080 1281 1152 Erit
1297 1074 1404 1172 quasi
1416 1085 1520 1168 pater
1539 1072 1791 1144 habitantium
1808 1072 1850 1143 in
1863 1074 2080 1154 Jerusalem.

525 1212 553 1248 a·
566 1193 694 1260 tinch-s·
771 1189 919 1254 Mortuo
942 1177 1537 1265 Juda'lttachabaeo,ernerseruut
1548 1167 1671 1262 iniqui
1687 1166 1725 1238 in
1740 1170 1921 1244 omnibus
1943 1173 2082 1250 finibus

720 1277 857 1369 Israel,
882 1289 919 1350 et
946 1275 1137 1348 exhortati
1161 1283 1250 1347 sunt
1272 1295 1421 1358 ornnes,
1444 1268 1512 1361 qui
1539 1263 1790 1361 operabantur
1816 1266 2079 1364 iniquitatem:
2205 1299 2206 1332 t

528 1438 533 1446 .
723 1377 768 1448 In
789 1373 920 1446 diebus
946 1373 1021 1444 illis
1039 1372 1136 1444 sacta
1158 1380 1213 1440 est
1244 1364 1360 1438 fames
1383 1375 1451 1437 etc.

528 1519 552 1554 ,,
568 1501 657 1553 uach,
669 1515 710 1552 η.
774 1471 868 1544 Cum
892 1467 1105 1542 crederetur
1126 1468 1268 1537 occisus
1288 1455 1468 1534 Jonatlras
1484 1483 1507 1529 a
1523 1455 1735 1552 Tripbone,
1755 1460 1978 1552 quaesierunt
1995 1491 2081 1540 oni-

724 1593 792 1641 nes
816 1577 958 1662 gentes,
981 1589 1066 1658 quae
1078 1575 1184 1635 erant
1195 1562 1237 1634 in
1250 1559 1411 1632 circuitu
1429 1558 1451 1629 J
1454 1555 1861 1658 udaeorum,oonterere
1870 1581 1941 1627 eos.
1957 1560 2077 1633 Dixe-

725 1675 818 1738 runt
837 1663 962 1734 enim:
990 1659 1074 1732 Non
1094 1658 1207 1730 habet
1225 1655 1431 1751 principem
1452 1653 1686 1748 adjutorem,
1709 1674 1806 1722 nunc
1825 1677 1908 1746 ergo
1926 1679 2071 1752 expug-

725 1783 860 1831 nemus
883 1781 967 1847 eos,
990 1767 1028 1826 et
1053 1753 1227 1825 tollamus
1258 1749 1302 1821 de
1324 1749 1543 1822 hominibus
1569 1745 1786 1818 memoriam
1818 1773 1959 1820 eornm.

529 1889 557 1928 a.
577 1872 665 1924 Maca.
685 1872 710 1923 3.
777 1852 897 1924 Causa
908 1851 1007 1945 pacis
1027 1861 1064 1920 et
1081 1848 1173 1920 boni
1184 1846 1302 1918 status
1319 1858 1455 1916 sanotae
1468 1841 1630 1916 civitatis
1643 1841 1799 1936 pulchre
1814 1841 1952 1917 dicitur
1967 1845 2079 1921 fuisse

727 1947 928 2044 prudentia
946 1961 982 2018 et
997 1945 1113 2039 pietas
1125 1940 1231 2014 Oniae
1246 1941 1384 2012 summi
1397 1939 1612 2028 sacerdotis,
1630 1951 1666 2008 et
1678 1937 2079 2018 bonitassubditorum.

475 2101 480 2108 .
531 2051 648 2106 niuem.
776 2039 878 2114 Bene
902 2041 1039 2114 restitit
1062 2039 1177 2112 Onias
1198 2034 1419 2127 Heliodoro,
1449 2034 1594 2109 volenti
1620 2033 1776 2130 spoliare
1814 2038 2018 2135 templum,
2047 2054 2079 2114 et

729 2137 896 2234 deposita
922 2135 1124 2212 viduarum
1149 2145 1185 2204 et
1198 2131 1427 2228 pupillorum
1445 2129 1602 2204 auferre.

511 2253 610 2324 sonu.
637 2267 677 2302 ιο.
779 2234 948 2306 Salvator
961 2244 1090 2304 noster
1109 2228 1294 2300 Dominus
1316 2227 1447 2328 Jesus,
1468 2228 1536 2300 ubi
1563 2252 1601 2300 se
1616 2226 1759 2300 bonum
1778 2241 1965 2325 pastorem
1984 2233 2079 2328 dicit,

726 2330 857 2424 ,statim
885 2353 1036 2402 causam
1064 2323 1279 2422 subjungit,
1308 2322 1435 2396 dicens
1463 2351 1471 2393 ι
1497 2324 1624 2396 Bonus
1647 2339 1774 2418 pastor
1796 2329 1962 2400 animam
1982 2357 2082 2404 suam

730 2425 795 2500 dat
816 2450 884 2521 pro
906 2424 1051 2499 ovibus.
1079 2425 1128 2494 Et
1149 2433 1233 2518 post
1255 2445 1374 2516 pauca
1391 2445 1398 2488 :
1416 2423 1589 2492 Animam
1613 2445 1732 2492 meam
1750 2448 1819 2518 pro
1842 2425 1980 2498 ovibus
1997 2429 2082 2500 meis

602 2573 605 2582 ·
730 2546 839 2688 pono.
865 2523 910 2594 In
933 2546 1010 2616 quo
1029 2520 1093 2592 dat
1114 2517 1343 2611 intelligere,
1358 2515 1451 2613 quid
1466 2517 1640 2612 exigatur
1658 2515 1705 2588 ad
1725 2516 1817 2612 hoc,
1832 2521 1935 2616 quod
1953 2523 2083 2620 aliquis

757 2643 852 2689 onus
872 2628 999 2711 pastor
1020 2617 1147 2690 vocari
1167 2626 1363 2686 mereatur.

780 2711 940 2802 Quando
952 2711 1122 2788 Salvator
1137 2722 1284 2800 noster,
1292 2723 1380 2820 post
1396 2711 1714 2799 resurrectionem,
1726 2737 1837 2784 suum
1854 2711 1977 2784 voluit
1996 2739 2085 2804 gre-

731 2833 814 2900 gem
836 2801 1009 2880 Eoclesiae
1035 2811 1145 2881 Petro
1166 2819 1420 2897 committere,
1450 2806 1752 2906 primoprobavit
1777 2831 1889 2896 eum,
1916 2805 2074 2876 dicens:

732 2903 861 2970 Simon
891 2901 1013 2990 diligis
1034 2925 1094 2970 me
1111 2901 1196 2994 plus
1215 2898 1312 2970 his?
1336 2903 1385 2972 Et
1407 2915 1518 2995 nota,
1548 2897 1641 2998 quod
1658 2901 1891 2974 examinavit
1915 2926 2005 2972 eum
2029 2899 2081 2970 de

612 3041 616 3054 .
732 2991 953 3078 dilectione,
974 3017 1052 3066 non
1078 2993 1123 3066 de
1149 2992 1369 3088 cognitione.
1393 2999 1449 3070 De
1467 2999 1630 3072 Praetica
1644 2999 1755 3090 verb,
1778 3022 1862 3069 non
1887 2995 1934 3068 de
1954 2995 2085 3070 Theu-

732 3087 832 3179 rioa,
854 3085 900 3158 de
926 3087 1025 3163 sacto
1046 3093 1159 3185 verb,
1190 3116 1268 3163 non
1284 3089 1336 3163 ‘de
1358 3095 1453 3189 jure.
1731 3117 1733 3121 ·

779 3183 873 3256 Item
906 3209 984 3296 non
1012 3187 1133 3262 solum
1160 3188 1405 3284 interrogavit
1433 3190 1674 3288 simpliciter,
1706 3215 1755 3262 an
1783 3215 1872 3262 eum
1898 3189 2086 3285 diligeret,

672 3295 675 3308 '
731 3277 804 3354 seda
821 3293 878 3354 ter
898 3280 989 3355 dicit
1009 3309 1016 3353 :
1040 3286 1078 3356 Si
1108 3285 1232 3379 diligis
1256 3309 1325 3369 me.
1354 3283 1468 3359 Addit
1491 3299 1578 3360 ter:
1607 3288 1719 3360 Pasce
1740 3311 1830 3359 oves
1857 3311 1980 3378 meas,
2010 3311 2088 3359 nou

729 3376 863 3470 tonde,
885 3377 947 3452 vel
970 3379 1106 3452 occide.
1137 3381 1265 3453 Bonus
1284 3383 1384 3456 enim
1401 3382 1578 3478 praelatus
1597 3385 1836 3456 commissum
1857 3382 1928 3454 sibi
1943 3407 2087 3478 gregem

728 3471 839 3572 debet
855 3499 1004 3569 pascere
1026 3477 1144 3550 verbo
1161 3533 1170 3567 ,
1189 3489 1226 3548 et
1249 3479 1442 3574 exemplo,
1470 3491 1507 3550 et
1537 3479 1733 3576 temporali
1760 3477 1938 3550 'subsidio

776 3567 919 3642 Videns
945 3573 1078 3646 Petrus
1101 3571 1249 3672 Judeeos
1272 3573 1515 3666 admirantes,
1545 3588 1582 3648 et
1606 3577 1703 3648 nrale
1719 3575 1764 3646 de
1793 3573 1985 3668 discipulis
2005 3600 2088 3648 sen-

727 3667 886 3759 tientes,
912 3666 1075 3742 elevavit
1093 3693 1245 3759 vocem,
1261 3683 1298 3740 et
1316 3670 1464 3743 loeutus
1483 3683 1538 3743 est
1558 3673 1611 3744 eis
1631 3701 1638 3742 :
1668 3670 1751 3744 Viri
1771 3669 1892 3742 Judaei
1918 3682 1986 3742 etc.
2014 3673 2088 3742 Ubi

727 3786 871 3856 gregem
895 3787 1006 3836 suum
1025 3776 1240 3842 constanter
1261 3763 1451 3858 defendit,
1478 3779 1515 3840 et
1538 3767 1772 3842 adversarios
1801 3765 1999 3840 salubriter
2025 3793 2090 3840 su-

637 3865 639 3874 “
726 3859 882 3952 perurit.

776 3950 1010 4029 Considerari
1042 3968 1163 4052 potest
1196 3955 1259 4028 hic
1293 3956 1339 4028 de
1368 3957 1486 4030 Paulo
1517 3947 1698 4056 Apostdlo
1726 3959 1876 4034 eximiae
1907 3959 2088 4031 bonitatis

725 4045 888 4214 praelato.
905 4051 963 4123 Ad
985 4050 1129 4124 bonum
1148 4053 1249 4124 enim
1267 4054 1462 4148 puniatum
1476 4055 1684 4151 specialiter
1703 4068 1740 4126 et
1760 4080 1907 4126 summo
1926 4057 2087 4150 pertinet

752 4143 897 4238 ilectio,
922 4171 1036 4243 quam
1058 4145 1196 4219 babere
1226 4149 1334 4220 debet
1362 4147 1408 4219 ad
1431 4151 1618 4243 subditos,
1641 4153 1737 4224 sicut
1761 4149 1938 4245 diligebat
1965 4161 2086 4246 pastor

724 4238 787 4348 ille
818 4244 983 4335 optimus
1009 4244 1180 4340 princeps
1211 4257 1429 4340 pastorum,
1454 4247 1521 4342 qui
1546 4251 1672 4357 posuit
1693 4247 1860 4320 animam
1888 4271 1997 4320 suam
2018 4269 2091 4338 pro

480 4355 483 4364 ⁴
513 4346 561 4438 ¹²·
579 4331 642 4388 cor,
666 4349 705 4390 ²²·
726 4335 980 4434 optumis,
1004 4341 1072 4434 qui
1089 4363 1177 4414 cum
1194 4339 1386 4414 dilexisset
1405 4367 1516 4437 suos,
1543 4369 1586 4416 m
1602 4343 1720 4419 finem
1734 4341 1868 4418 dilexit
1892 4367 1971 4414 eos.
1995 4343 2092 4414 Pau
