4310 5472
757 457 808 538 so
966 455 1228 542 TITULUS
1259 454 1404 540 XLIII.
1437 455 1632 541 Dilectio
1665 453 1867 541 Proximi.

802 677 901 766 Quia
925 675 1057 748 Tobias
1081 675 1207 748 multis
1235 675 1353 747 multa
1382 699 1491 770 opera
1521 673 1712 746 charitatis
1734 673 1964 766 exhibebat,
1999 683 2100 756 multi

754 771 952 866 diligebant
982 797 1078 844 eum.
1114 769 1223 844 Unde
1247 795 1333 842 cum
1347 773 1473 866 jussus
1502 779 1598 840 esset
1617 767 1735 842 occidi
1754 793 1776 840 a
1794 793 1893 864 rege,
1912 767 2055 870 latuit,
2072 791 2098 850 et

753 867 930 942 inventus
953 891 1028 938 non
1061 865 1143 938 fuit

801 963 956 1046 Tantam
978 960 1214 1034 dilectionem
1240 961 1326 1034 vult
1350 961 1534 1033 Dominus
1556 960 1602 1031 ad
1627 961 1817 1054 proximos
1844 975 1914 1032 nos
1938 962 2093 1062 habear³

685 1121 689 1129 .
751 1069 795 1126 ut
823 1055 962 1128 dixerit
982 1059 1091 1128 Petro
1112 1081 1119 1124 ε
1145 1055 1227 1128 Non
1246 1083 1326 1128 esse
1347 1053 1612 1129 dimittendum
1629 1055 1761 1150 septies
1777 1057 1949 1150 peccanti
1971 1059 2091 1159 fiatri,

751 1151 812 1222 sed
840 1177 959 1246 usque
982 1151 1187 1246 septuagies
1214 1152 1356 1246 septies.

795 1243 853 1318 Ad
875 1251 1092 1342 proximum
1118 1271 1290 1340 magnam
1312 1245 1548 1318 dilectionem
1573 1245 1749 1320 habuisse
1772 1244 1953 1322 laudatur
1976 1255 2088 1330 Sama-

748 1341 892 1414 ritanus
922 1343 1005 1434 ille‚
1028 1346 1094 1436 qui
1117 1343 1338 1436 appropians
1356 1341 1564 1434 semivivo,
1585 1339 1836 1416 misericordia
1861 1355 1997 1420 motus
2027 1365 2084 1442 est,

748 1447 784 1506 et
810 1440 890 1530 ejus
905 1439 1063 1510 vulnera
1086 1437 1274 1530 alligavit,
1298 1435 1505 1508 infundens
1531 1437 1654 1509 oleum
1673 1449 1709 1510 et
1734 1437 1880 1510 vinum.

796 1533 928 1603 Mirum
954 1531 1188 1602 dilectionem
1209 1531 1256 1602 ad
1308 1531 1499 1604 mximum
1515 1531 1689 1604 habuisse
1711 1544 1945 1608 monstratur
1963 1540 2081 1614 beatm

748 1625 986 1718 Stephanus,
1013 1625 1079 1719 qui
1106 1650 1172 1720 pro
1200 1557 1465 1718 lapidatoribus
1494 1629 1570 1698 suis
1601 1625 1794 1718 devotius,
1825 1653 1941 1722 quant
1961 1658 2027 1726 pm
2047 1663 2081 1708 se

747 1743 869 1792 orasse
892 1718 1052 1792 videtur.
1076 1717 1170 1790 Nam
1193 1743 1260 1813 pro
1290 1718 1362 1790 illis
1386 1745 1506 1813 genua
1526 1723 1668 1814 posuit,
1695 1733 1732 1794 et
1754 1745 1844 1794 voce
1867 1750 2007 1822 magna
2026 1731 2082 1802 cla·

746 1816 888 1921 mavit,
922 1841 989 1910 pro
1016 1839 1054 1884 se
1081 1839 1172 1889 vero
1195 1812 1409 1909 simpliciter
1429 1815 1546 1888 dixit:
1564 1817 1722 1898 Domine
1733 1815 1840 1909 Jesu,
1856 1825 2009 1918 suscipe
2027 1829 2082 1922 spi·

744 1919 859 1991 ritum
886 1935 1021 1982 meum.

550 2025 637 2078 cant.
655 2025 680 2091 ξ.
792 2003 1103 2078 Inaestirnabiliter
1135 2005 1272 2078 Paulus
1308 2008 1500 2100 proximos
1523 2005 1728 2100 diligebat:
1763 2019 1835 2081 erat
1865 2011 1970 2082 enim
2004 2043 2081 2112 erga

742 2123 827 2206 eos,
848 2114 891 2174 ut
908 2114 1025 2172 mater
1045 2101 1274 2194 parturiens,
1296 2124 1384 2172 nam
1404 2099 1547 2174 dicebat
1566 2099 1725 2173 Galatis:
1744 2101 1857 2176 Filioli
1878 2108 1978 2202 mei,
1997 2139 2079 2207 quos

741 2205 877 2268 lterum
896 2197 1072 2292 parturio.
1169 2279 1176 2286 ‚

551 2317 574 2352 ¹·
591 2298 689 2366 coar.
790 2293 882 2364 Item
915 2305 1092 2387 tanquam
1115 2303 1219 2385 pater
1249 2292 1451 2386 corripiens
1474 2317 1481 2360 :
1504 2317 1569 2386 per
1598 2293 1841 2388 Evangelium
1867 2295 1907 2367 in
1933 2299 2079 2373 Christo

741 2411 806 2481 ego
827 2413 895 2462 vos
920 2388 1052 2482 genui3
1073 2399 1109 2456 et
1136 2388 1343 2478 paulopost
1370 2413 1378 2454 :
1402 2389 1446 2455 In
1466 2388 1570 2478 virga
1592 2389 1740 2460 veniam
1767 2388 1904 2462 advos

551 2503 573 2537 ι.
587 2487 674 2536 Thea·
689 2501 713 2534 2·
790 2481 845 2548 Ad
868 2481 1082 2549 Thessalos.
1108 2480 1302 2569 Tanquam
1324 2490 1428 2572 pater
1445 2477 1540 2550 filios
1564 2481 1799 2577 deprecantes
1822 2511 1909 2575 vos,
1934 2498 1973 2559 et
1991 2515 2078 2562 con·

743 2572 902 2642 solantes
928 2569 1115 2641 testificati
1145 2595 1285 2641 sumus.
1312 2570 1449 2644 Eodem
1473 2600 1480 2641 :
1505 2575 1699 2672 Tanquam
1721 2581 1854 2651 nutrix
1882 2581 2021 2658 fovens
2049 2600 2075 2658 et

743 2663 936 2735 blandiens
967 2663 1055 2734 satuti
1093 2687 1248 2758 smnus,
1281 2667 1356 2759 ait,
1390 2680 1568 2765 tanquam
1603 2681 1635 2745 si
1669 2676 1802 2748 nutrix
1829 2673 1962 2754 foveat
1995 2681 2073 2754 filios

740 2783 836 2832 siros.

548 2895 569 2928 ι.
582 2875 643 2926 eor.
665 2873 690 2922 3.
788 2855 837 2924 Et
857 2850 967 2922 alibi:
992 2853 1184 2947 Tanquam
1204 2856 1370 2950 parvulis
1394 2860 1434 2930 in
1460 2860 1681 2936 Christo'lac
1701 2877 1831 2960 potum
1853 2866 1947 2942 dedi
1969 2874 2071 2948 vobis.

550 2991 576 3025 α.
595 2973 666 3022 rim.
687 2987 706 3020 t.
790 2949 883 3017 Item
903 2959 1080 3044 tanquam
1102 2951 1275 3044 magister
1292 2964 1327 3022 et
1347 2955 1483 3026 Doctor
1499 2957 1672 3030 erudiens
1696 2986 1704 3030 :
1726 2963 1870 3056 positus
1891 2991 1980 3040 sum
1995 2991 2072 3062 prm

742 3039 905 3134 dicator,
926 3056 961 3114 ct
979 3043 1175 3138 Apostolus
1196 3059 1233 3118 et
1250 3049 1423 3142 magister
1448 3053 1615 3145 gentium
1637 3055 1677 3126 in
1701 3055 1773 3128 fide
1796 3071 1834 3128 et
1851 3063 2017 3136 veritate.

546 3161 662 3231 Ptittpp.
680 3159 705 3228 4.
788 3141 880 3209 Item
908 3151 1084 3236 tanquam
1120 3139 1236 3215 irater
1267 3155 1303 3214 et
1334 3146 1454 3217 socius
1483 3147 1733 3244 collaborans,
1755 3165 1792 3224 et
1817 3155 2072 3252 coadjuvans:

738 3234 884 3306 Fratres
906 3237 978 3306 urei
1009 3235 1258 3331 dilectissimi,
1291 3251 1327 3310 et
1357 3239 1679 3339 desideratissimi,
1708 3261 1865 3343 rogote
1897 3254 2076 3326 Germane

735 3356 814 3404 conr
844 3355 885 3402 ar
932 3343 997 3403 etc.
1528 3399 1536 3416 ‚

545 3441 659 3510 Philipp.
678 3459 697 3491 1·
781 3357 841 3500 Ei
849 3385 925 3522 cap.
950 3454 977 3497 1.
994 3425 1040 3498 ad
1057 3426 1215 3522 Philipp.
1236 3427 1360 3501 Habeo
1379 3455 1446 3505 vos
1465 3487 1475 3525 ,
1494 3435 1535 3504 in
1561 3435 1840 3512 confirmatione
1862 3441 2079 3540 Evangelii,

734 3523 850 3597 socios
869 3523 993 3618 gaudii
1016 3524 1088 3593 inei
1107 3579 1117 3618 ‚
1139 3535 1205 3595 eto.
1812 3566 1817 3574 ·

542 3655 567 3688 2.
581 3638 642 3690 cor.
661 3658 680 3690 t·
780 3623 829 3690 Et
851 3620 1011 3691 secunda
1032 3618 1200 3692 Corinth.
1225 3646 1253 3690 1.
1277 3618 1360 3694 Non
1377 3621 1614 3697 dominamur
1638 3625 1725 3702 fidei
1747 3641 1907 3722 vestrae,
1938 3636 2008 3708 sed
2027 3635 2080 3706 ad-

732 3717 874 3806 jutores
898 3737 1028 3784 sumus
1054 3713 1178 3804 gaudii
1199 3717 1325 3788 vestri.

540 3839 566 3874 α.
580 3823 642 3875 cor.
656 3823 681 3874 5.
759 3809 873 3912 uitem
891 3819 1069 3902 tanquam
1091 3807 1230 3903 legatus
1249 3813 1513 3918 reconcilians:
1533 3813 1606 3887 Pro
1625 3813 1773 3890 Christo
1788 3819 1986 3915 legatione
2007 3827 2086 3902 iun-

734 3923 866 3991 grrnur.

541 4003 686 4058 noiomo.
782 3995 829 4063 Et
865 3993 1082 4087 Apostolus,
1114 3999 1212 4070 bona
1243 4001 1477 4072 annuncians
1495 4001 1509 4070 'r
1530 4002 1605 4075 Vos
1632 4007 1755 4096 scitia,
1786 4013 1955 4104 qualiter
1994 4017 2092 4092 nibil

735 4086 983 4160 subtraxerim
1001 4092 1106 4164 robis
1133 4095 1305 4185 utilium,
1331 4098 1555 4192 quominus
1585 4103 1854 4177 annunciarem
1875 4113 1999 4188 vobis
2056 4125 2095 4184 et

733 4179 898 4254 docerem
926 4211 993 4258 vos
1018 4187 1163 4282 publice
1189 4213 1255 4282 per
1280 4189 1419 4264 doulos.
2014 4171 2024 4210 '

538 4289 627 4342 seror.
642 4308 683 4360 ις.
779 4281 826 4350 Et
848 4277 960 4354 alibi:
985 4281 1093 4373 Quod
1105 4283 1316 4379 ignorantes
1335 4287 1479 4383 colitis,
1502 4315 1567 4388 ego
1588 4294 1728 4368 nuncio
1753 4293 1874 4371 vobis.

2004 4405 2111 4478 Item
