<?xml version="1.0" encoding="UTF-8"?>
<!DOCTYPE html PUBLIC "-//W3C//DTD XHTML 1.0 Transitional//EN"
    "http://www.w3.org/TR/xhtml1/DTD/xhtml1-transitional.dtd">
<html xmlns="http://www.w3.org/1999/xhtml" xml:lang="en" lang="en">
 <head>
  <title>
</title>
<meta http-equiv="Content-Type" content="text/html;charset=utf-8" />
  <meta name='ocr-system' content='tesseract 3.04.00' />
  <meta name='ocr-capabilities' content='ocr_page ocr_carea ocr_par ocr_line ocrx_word'/>
</head>
<body>
  <div class='ocr_page' id='page_1' title='image "./exemplabiblicai00hanagoog_0213.png"; bbox 0 0 4498 5462; ppageno 0'>
   <div class='ocr_carea' id='block_1_1' title="bbox 699 243 1827 368">
    <p class='ocr_par' dir='ltr' id='par_1_1' title="bbox 699 243 1827 368">
     <span class='ocr_line' id='line_1_1' title="bbox 699 243 1827 368; baseline -0.001 -31"><span class='ocrx_word' id='word_1_1' title='bbox 699 253 781 368; x_wconf 77' lang='lat'>&#39;198</span> <span class='ocrx_word' id='word_1_2' title='bbox 922 243 1184 363; x_wconf 81' lang='lat' dir='ltr'>TITULUS</span> <span class='ocrx_word' id='word_1_3' title='bbox 1217 248 1326 336; x_wconf 91' lang='lat' dir='ltr'><strong>CVl.</strong></span> <span class='ocrx_word' id='word_1_4' title='bbox 1363 247 1606 336; x_wconf 81' lang='lat' dir='ltr'><strong>Mulierum</strong></span> <span class='ocrx_word' id='word_1_5' title='bbox 1640 251 1827 342; x_wconf 86' lang='lat' dir='ltr'><strong>aviditas.</strong></span> 
     </span>
    </p>
   </div>
   <div class='ocr_carea' id='block_1_2' title="bbox 744 385 2048 411">
    <p class='ocr_par' dir='ltr' id='par_1_2' title="bbox 744 385 2048 411">
     <span class='ocr_line' id='line_1_2' title="bbox 744 385 2048 411; baseline 0 -7"><span class='ocrx_word' id='word_1_6' title='bbox 744 385 2048 411; x_wconf 46' lang='lat' dir='ltr'><strong>mmm</strong></span> 
     </span>
    </p>
   </div>
   <div class='ocr_carea' id='block_1_3' title="bbox 411 455 2049 2834">
    <p class='ocr_par' dir='ltr' id='par_1_3' title="bbox 411 455 2049 1600">
     <span class='ocr_line' id='line_1_3' title="bbox 644 455 2047 637; baseline 0.005 -91"><span class='ocrx_word' id='word_1_7' title='bbox 644 551 646 557; x_wconf 65' lang='grc'>,</span> <span class='ocrx_word' id='word_1_8' title='bbox 699 498 849 637; x_wconf 70' lang='lat' dir='ltr'><strong>quoque</strong></span> <span class='ocrx_word' id='word_1_9' title='bbox 864 475 1084 570; x_wconf 85' lang='lat' dir='ltr'><strong>provinciis,</strong></span> <span class='ocrx_word' id='word_1_10' title='bbox 1101 473 1259 573; x_wconf 83' lang='lat' dir='ltr'>oppidis,</span> <span class='ocrx_word' id='word_1_11' title='bbox 1276 495 1318 542; x_wconf 90' lang='lat' dir='ltr'><strong>ac</strong></span> <span class='ocrx_word' id='word_1_12' title='bbox 1336 472 1426 543; x_wconf 87' lang='lat' dir='ltr'><strong>locis</strong></span> <span class='ocrx_word' id='word_1_13' title='bbox 1440 473 1612 568; x_wconf 89' lang='lat' dir='ltr'><strong>planctus</strong></span> <span class='ocrx_word' id='word_1_14' title='bbox 1626 455 1758 569; x_wconf 82' lang='lat' dir='ltr'><strong>ingens</strong></span> <span class='ocrx_word' id='word_1_15' title='bbox 1774 487 1852 547; x_wconf 85' lang='lat' dir='ltr'><strong>erat</strong></span> <span class='ocrx_word' id='word_1_16' title='bbox 1869 478 1967 573; x_wconf 89' lang='lat' dir='ltr'><strong>apud</strong></span> <span class='ocrx_word' id='word_1_17' title='bbox 1985 481 2047 554; x_wconf 81' lang='lat' dir='ltr'><strong>Ju·</strong></span> 
     </span>
     <span class='ocr_line' id='line_1_4' title="bbox 726 567 2045 663; baseline 0.007 -26"><span class='ocrx_word' id='word_1_18' title='bbox 726 592 814 658; x_wconf 85' lang='lat' dir='ltr'><strong>aeos,</strong></span> <span class='ocrx_word' id='word_1_19' title='bbox 825 570 1015 663; x_wconf 83' lang='lat' dir='ltr'><strong>jejunium</strong></span> <span class='ocrx_word' id='word_1_20' title='bbox 1024 581 1060 640; x_wconf 90' lang='lat' dir='ltr'><strong>et</strong></span> <span class='ocrx_word' id='word_1_21' title='bbox 1071 569 1181 642; x_wconf 89' lang='lat' dir='ltr'><strong>fletus</strong></span> <span class='ocrx_word' id='word_1_22' title='bbox 1190 623 1199 658; x_wconf 91' lang='lat'>,</span> <span class='ocrx_word' id='word_1_23' title='bbox 1208 579 1355 639; x_wconf 85' lang='lat' dir='ltr'><strong>saccoet</strong></span> <span class='ocrx_word' id='word_1_24' title='bbox 1366 567 1624 640; x_wconf 88' lang='lat' dir='ltr'><strong>cineremultis</strong></span> <span class='ocrx_word' id='word_1_25' title='bbox 1636 594 1703 662; x_wconf 89' lang='lat' dir='ltr'><strong>pro</strong></span> <span class='ocrx_word' id='word_1_26' title='bbox 1715 580 1831 641; x_wconf 88' lang='lat' dir='ltr'><strong>strato</strong></span> <span class='ocrx_word' id='word_1_27' title='bbox 1844 573 2045 646; x_wconf 84' lang='lat' dir='ltr'><strong>utentibus.</strong></span> 
     </span>
     <span class='ocr_line' id='line_1_5' title="bbox 501 660 2049 762; baseline 0.004 -31"><span class='ocrx_word' id='word_1_28' title='bbox 501 695 572 748; x_wconf 49' lang='lat' dir='ltr'><strong>pm,</strong></span> <span class='ocrx_word' id='word_1_29' title='bbox 585 691 627 757; x_wconf 74' lang='lat'><strong>³4·</strong></span> <span class='ocrx_word' id='word_1_30' title='bbox 641 690 681 742; x_wconf 80' lang='lat'><strong>13.</strong></span> <span class='ocrx_word' id='word_1_31' title='bbox 747 661 870 748; x_wconf 85' lang='lat' dir='ltr'><strong>Quam</strong></span> <span class='ocrx_word' id='word_1_32' title='bbox 889 677 1074 736; x_wconf 81' lang='lat' dir='ltr'><strong>austeram</strong></span> <span class='ocrx_word' id='word_1_33' title='bbox 1095 665 1213 746; x_wconf 81' lang='lat' dir='ltr'><strong>vitam</strong></span> <span class='ocrx_word' id='word_1_34' title='bbox 1231 661 1385 733; x_wconf 81' lang='lat' dir='ltr'><strong>duxerit</strong></span> <span class='ocrx_word' id='word_1_35' title='bbox 1402 660 1542 751; x_wconf 86' lang='lat' dir='ltr'><strong>David,</strong></span> <span class='ocrx_word' id='word_1_36' title='bbox 1565 661 1705 735; x_wconf 82' lang='lat' dir='ltr'><strong>indicat</strong></span> <span class='ocrx_word' id='word_1_37' title='bbox 1727 661 1788 736; x_wconf 91' lang='lat' dir='ltr'><strong>bis</strong></span> <span class='ocrx_word' id='word_1_38' title='bbox 1806 665 1932 738; x_wconf 83' lang='lat' dir='ltr'><strong>verbis</strong></span> <span class='ocrx_word' id='word_1_39' title='bbox 1950 669 2049 762; x_wconf 84' lang='lat' dir='ltr'><strong>:Ego</strong></span> 
     </span>
     <span class='ocr_line' id='line_1_6' title="bbox 411 755 2047 850; baseline 0.006 -24"><span class='ocrx_word' id='word_1_40' title='bbox 411 782 421 800; x_wconf 87' lang='lat'><em>·</em></span> <span class='ocrx_word' id='word_1_41' title='bbox 499 763 570 815; x_wconf 62' lang='lat' dir='ltr'><strong>Pal·</strong></span> <span class='ocrx_word' id='word_1_42' title='bbox 584 761 624 826; x_wconf 60' lang='lat' dir='ltr'><strong>ab</strong></span> <span class='ocrx_word' id='word_1_43' title='bbox 644 759 670 810; x_wconf 87' lang='lat'><strong>5.</strong></span> <span class='ocrx_word' id='word_1_44' title='bbox 699 765 834 826; x_wconf 82' lang='lat' dir='ltr'><strong>autam.</strong></span> <span class='ocrx_word' id='word_1_45' title='bbox 851 757 1035 830; x_wconf 89' lang='lat' dir='ltr'><strong>induebar</strong></span> <span class='ocrx_word' id='word_1_46' title='bbox 1061 759 1196 850; x_wconf 88' lang='lat' dir='ltr'><strong>cicilio,</strong></span> <span class='ocrx_word' id='word_1_47' title='bbox 1221 755 1466 828; x_wconf 84' lang='lat' dir='ltr'><strong>humiliabam</strong></span> <span class='ocrx_word' id='word_1_48' title='bbox 1492 758 1532 826; x_wconf 93' lang='lat' dir='ltr'><strong>in</strong></span> <span class='ocrx_word' id='word_1_49' title='bbox 1554 757 1699 850; x_wconf 82' lang='lat' dir='ltr'><strong>jejunio</strong></span> <span class='ocrx_word' id='word_1_50' title='bbox 1724 759 1888 832; x_wconf 86' lang='lat' dir='ltr'><strong>animam</strong></span> <span class='ocrx_word' id='word_1_51' title='bbox 1918 784 2047 836; x_wconf 88' lang='lat' dir='ltr'><strong>meam.</strong></span> 
     </span>
     <span class='ocr_line' id='line_1_7' title="bbox 498 827 2048 949; baseline 0.006 -29"><span class='ocrx_word' id='word_1_52' title='bbox 498 827 569 882; x_wconf 57' lang='lat' dir='ltr'><strong>M·</strong></span> <span class='ocrx_word' id='word_1_53' title='bbox 585 844 623 877; x_wconf 77' lang='lat'><strong>¹⁰⁴</strong></span> <span class='ocrx_word' id='word_1_54' title='bbox 641 841 681 876; x_wconf 82' lang='lat'><strong>¹⁰⁰</strong></span> <span class='ocrx_word' id='word_1_55' title='bbox 699 850 792 921; x_wconf 87' lang='lat' dir='ltr'><strong>Item</strong></span> <span class='ocrx_word' id='word_1_56' title='bbox 814 853 952 925; x_wconf 85' lang='lat' dir='ltr'><strong>:antici</strong></span> <span class='ocrx_word' id='word_1_57' title='bbox 977 867 1139 928; x_wconf 83' lang='lat' dir='ltr'><strong>averunt</strong></span> <span class='ocrx_word' id='word_1_58' title='bbox 1160 851 1304 946; x_wconf 80' lang='lat' dir='ltr'><strong>vigilias</strong></span> <span class='ocrx_word' id='word_1_59' title='bbox 1319 849 1418 922; x_wconf 91' lang='lat' dir='ltr'><strong>oculi</strong></span> <span class='ocrx_word' id='word_1_60' title='bbox 1433 850 1516 922; x_wconf 90' lang='lat' dir='ltr'><strong>mei.</strong></span> <span class='ocrx_word' id='word_1_61' title='bbox 1534 851 1654 922; x_wconf 89' lang='lat' dir='ltr'><strong>Item:</strong></span> <span class='ocrx_word' id='word_1_62' title='bbox 1672 852 1834 924; x_wconf 84' lang='lat' dir='ltr'><strong>cinerem</strong></span> <span class='ocrx_word' id='word_1_63' title='bbox 1854 865 2048 949; x_wconf 83' lang='lat' dir='ltr'><strong>tamquam</strong></span> 
     </span>
     <span class='ocr_line' id='line_1_8' title="bbox 607 879 1960 1050; baseline 0.003 -36"><span class='ocrx_word' id='word_1_64' title='bbox 607 1027 613 1050; x_wconf 21' lang='grc' dir='ltr'>ἢ</span> <span class='ocrx_word' id='word_1_65' title='bbox 697 967 832 1038; x_wconf 86' lang='lat' dir='ltr'><strong>panem</strong></span> <span class='ocrx_word' id='word_1_66' title='bbox 854 879 1143 1042; x_wconf 80' lang='lat' dir='ltr'><strong>manducabam,</strong></span> <span class='ocrx_word' id='word_1_67' title='bbox 1160 961 1197 1020; x_wconf 92' lang='lat' dir='ltr'><strong>et</strong></span> <span class='ocrx_word' id='word_1_68' title='bbox 1219 955 1351 1042; x_wconf 89' lang='lat' dir='ltr'><strong>potum</strong></span> <span class='ocrx_word' id='word_1_69' title='bbox 1371 969 1497 1018; x_wconf 90' lang='lat' dir='ltr'><strong>meum</strong></span> <span class='ocrx_word' id='word_1_70' title='bbox 1522 969 1609 1017; x_wconf 88' lang='lat' dir='ltr'><strong>cum</strong></span> <span class='ocrx_word' id='word_1_71' title='bbox 1631 943 1726 1018; x_wconf 87' lang='lat' dir='ltr'><strong>fletu</strong></span> <span class='ocrx_word' id='word_1_72' title='bbox 1747 947 1960 1020; x_wconf 86' lang='lat' dir='ltr'><strong>miscebam.</strong></span> 
     </span>
     <span class='ocr_line' id='line_1_9' title="bbox 636 1037 2047 1208; baseline 0 -4"><span class='ocrx_word' id='word_1_73' title='bbox 636 1079 663 1129; x_wconf 73' lang='lat'><strong>⁶·</strong></span> <span class='ocrx_word' id='word_1_74' title='bbox 695 1037 1944 1208; x_wconf 51' lang='grc' dir='ltr'><strong>,111111111811111]11111’111111111ι</strong></span> <span class='ocrx_word' id='word_1_75' title='bbox 1974 1043 2047 1139; x_wconf 63' lang='lat'><strong>11³:</strong></span> 
     </span>
     <span class='ocr_line' id='line_1_10' title="bbox 839 1160 1875 1208; baseline 0 -2"><span class='ocrx_word' id='word_1_76' title='bbox 839 1160 879 1206; x_wconf 89' lang='lat' dir='ltr'><strong>re</strong></span> <span class='ocrx_word' id='word_1_77' title='bbox 909 1161 928 1204; x_wconf 91' lang='lat' dir='ltr'><strong>e</strong></span> <span class='ocrx_word' id='word_1_78' title='bbox 957 1162 1005 1208; x_wconf 81' lang='grc' dir='ltr'><strong>(ο</strong></span> <span class='ocrx_word' id='word_1_79' title='bbox 1046 1163 1065 1206; x_wconf 85' lang='lat' dir='ltr'><strong>e</strong></span> <span class='ocrx_word' id='word_1_80' title='bbox 1104 1163 1172 1208; x_wconf 70' lang='lat' dir='ltr'><strong>avo</strong></span> <span class='ocrx_word' id='word_1_81' title='bbox 1313 1160 1360 1206; x_wconf 91' lang='lat' dir='ltr'><strong>en</strong></span> <span class='ocrx_word' id='word_1_82' title='bbox 1762 1160 1875 1206; x_wconf 83' lang='lat' dir='ltr'><strong>rere.</strong></span> 
     </span>
     <span class='ocr_line' id='line_1_11' title="bbox 744 1159 2045 1326; baseline 0.003 -27"><span class='ocrx_word' id='word_1_83' title='bbox 744 1159 917 1300; x_wconf 68' lang='lat' dir='ltr'><strong>ernisius</strong></span> <span class='ocrx_word' id='word_1_84' title='bbox 932 1191 1116 1302; x_wconf 81' lang='lat' dir='ltr'><strong>Doniinus</strong></span> <span class='ocrx_word' id='word_1_85' title='bbox 1127 1161 1349 1303; x_wconf 71' lang='lat' dir='ltr'><strong>inidiiiuam</strong></span> <span class='ocrx_word' id='word_1_86' title='bbox 1359 1225 1684 1300; x_wconf 87' lang='lat' dir='ltr'><strong>mortificationem</strong></span> <span class='ocrx_word' id='word_1_87' title='bbox 1698 1227 1740 1300; x_wconf 89' lang='lat' dir='ltr'><strong>in</strong></span> <span class='ocrx_word' id='word_1_88' title='bbox 1754 1229 1947 1319; x_wconf 87' lang='lat' dir='ltr'><strong>omnibus,</strong></span> <span class='ocrx_word' id='word_1_89' title='bbox 1962 1255 2045 1326; x_wconf 89' lang='lat' dir='ltr'><strong>pau·</strong></span> 
     </span>
     <span class='ocr_line' id='line_1_12' title="bbox 693 1323 2044 1418; baseline 0.003 -25"><span class='ocrx_word' id='word_1_90' title='bbox 693 1333 893 1416; x_wconf 76' lang='lat' dir='ltr'><strong>pertatem,</strong></span> <span class='ocrx_word' id='word_1_91' title='bbox 923 1349 1050 1396; x_wconf 87' lang='lat' dir='ltr'><strong>rerum</strong></span> <span class='ocrx_word' id='word_1_92' title='bbox 1090 1325 1259 1398; x_wconf 80' lang='lat' dir='ltr'><strong>omnitun</strong></span> <span class='ocrx_word' id='word_1_93' title='bbox 1288 1324 1500 1418; x_wconf 84' lang='lat' dir='ltr'><strong>penuriam,</strong></span> <span class='ocrx_word' id='word_1_94' title='bbox 1527 1333 1712 1393; x_wconf 85' lang='lat' dir='ltr'><strong>austeram</strong></span> <span class='ocrx_word' id='word_1_95' title='bbox 1747 1323 1836 1396; x_wconf 85' lang='lat' dir='ltr'><strong>vitae</strong></span> <span class='ocrx_word' id='word_1_96' title='bbox 1865 1325 2044 1398; x_wconf 86' lang='lat' dir='ltr'><strong>rationem</strong></span> 
     </span>
     <span class='ocr_line' id='line_1_13' title="bbox 693 1415 2040 1579; baseline 0.001 -92"><span class='ocrx_word' id='word_1_97' title='bbox 693 1438 763 1579; x_wconf 51' lang='lat' dir='ltr'><strong>Pro</strong></span> <span class='ocrx_word' id='word_1_98' title='bbox 791 1443 829 1488; x_wconf 91' lang='lat' dir='ltr'><strong>se</strong></span> <span class='ocrx_word' id='word_1_99' title='bbox 855 1417 996 1510; x_wconf 83' lang='lat' dir='ltr'><strong>elegit:</strong></span> <span class='ocrx_word' id='word_1_100' title='bbox 1023 1443 1222 1514; x_wconf 87' lang='lat' dir='ltr'><strong>nunquam</strong></span> <span class='ocrx_word' id='word_1_101' title='bbox 1243 1417 1380 1511; x_wconf 85' lang='lat' dir='ltr'><strong>legitur</strong></span> <span class='ocrx_word' id='word_1_102' title='bbox 1407 1416 1548 1508; x_wconf 87' lang='lat' dir='ltr'><strong>risisse,</strong></span> <span class='ocrx_word' id='word_1_103' title='bbox 1576 1427 1642 1516; x_wconf 88' lang='lat' dir='ltr'><strong>aut</strong></span> <span class='ocrx_word' id='word_1_104' title='bbox 1671 1415 1795 1510; x_wconf 87' lang='lat' dir='ltr'><strong>aliqua</strong></span> <span class='ocrx_word' id='word_1_105' title='bbox 1818 1417 2040 1492; x_wconf 83' lang='lat' dir='ltr'><strong>recreatione</strong></span> 
     </span>
     <span class='ocr_line' id='line_1_14' title="bbox 652 1509 1488 1600; baseline 0.002 -20"><span class='ocrx_word' id='word_1_106' title='bbox 652 1595 654 1600; x_wconf 23' lang='grc' dir='ltr'>Ι</span> <span class='ocrx_word' id='word_1_107' title='bbox 713 1510 836 1580; x_wconf 88' lang='lat' dir='ltr'><strong>ruitus</strong></span> <span class='ocrx_word' id='word_1_108' title='bbox 866 1509 992 1582; x_wconf 86' lang='lat' dir='ltr'><strong>fuisse.</strong></span> <span class='ocrx_word' id='word_1_109' title='bbox 1479 1555 1488 1572; x_wconf 92' lang='lat'><strong>·</strong></span> 
     </span>
    </p>

    <p class='ocr_par' dir='ltr' id='par_1_4' title="bbox 453 1599 2042 2612">
     <span class='ocr_line' id='line_1_15' title="bbox 498 1599 2035 1700; baseline 0.001 -26"><span class='ocrx_word' id='word_1_110' title='bbox 498 1638 596 1691; x_wconf 49' lang='lat' dir='ltr'><strong>nauh,</strong></span> <span class='ocrx_word' id='word_1_111' title='bbox 617 1639 641 1689; x_wconf 54' lang='lat'><strong>3.</strong></span> <span class='ocrx_word' id='word_1_112' title='bbox 742 1603 1076 1678; x_wconf 86' lang='lat' dir='ltr'><strong>Innocentissimus</strong></span> <span class='ocrx_word' id='word_1_113' title='bbox 1084 1603 1417 1700; x_wconf 79' lang='lat' dir='ltr'><strong>loannesBaptista</strong></span> <span class='ocrx_word' id='word_1_114' title='bbox 1425 1603 1759 1678; x_wconf 86' lang='lat' dir='ltr'><strong>austerissimamin</strong></span> <span class='ocrx_word' id='word_1_115' title='bbox 1770 1599 1910 1674; x_wconf 89' lang='lat' dir='ltr'><strong>deserto</strong></span> <span class='ocrx_word' id='word_1_116' title='bbox 1919 1603 2035 1676; x_wconf 86' lang='lat' dir='ltr'><strong>vitam</strong></span> 
     </span>
     <span class='ocr_line' id='line_1_16' title="bbox 694 1693 2040 1793; baseline 0.001 -26"><span class='ocrx_word' id='word_1_117' title='bbox 694 1693 808 1768; x_wconf 83' lang='lat' dir='ltr'><strong>duxit</strong></span> <span class='ocrx_word' id='word_1_118' title='bbox 826 1723 946 1792; x_wconf 89' lang='lat' dir='ltr'><strong>usque</strong></span> <span class='ocrx_word' id='word_1_119' title='bbox 968 1698 1014 1769; x_wconf 90' lang='lat' dir='ltr'><strong>ad</strong></span> <span class='ocrx_word' id='word_1_120' title='bbox 1033 1701 1263 1793; x_wconf 81' lang='lat' dir='ltr'><strong>trigesimum</strong></span> <span class='ocrx_word' id='word_1_121' title='bbox 1281 1700 1402 1772; x_wconf 86' lang='lat' dir='ltr'><strong>aetatis</strong></span> <span class='ocrx_word' id='word_1_122' title='bbox 1423 1721 1586 1772; x_wconf 82' lang='lat' dir='ltr'><strong>annunt:</strong></span> <span class='ocrx_word' id='word_1_123' title='bbox 1603 1699 1761 1769; x_wconf 85' lang='lat' dir='ltr'><strong>habebat</strong></span> <span class='ocrx_word' id='word_1_124' title='bbox 1776 1697 2040 1772; x_wconf 84' lang='lat' dir='ltr'><strong>vestimentum</strong></span> 
     </span>
     <span class='ocr_line' id='line_1_17' title="bbox 453 1787 2040 1888; baseline 0 -28"><span class='ocrx_word' id='word_1_125' title='bbox 453 1851 457 1860; x_wconf 83' lang='lat'><em>.</em></span> <span class='ocrx_word' id='word_1_126' title='bbox 693 1789 739 1860; x_wconf 89' lang='lat' dir='ltr'><strong>de</strong></span> <span class='ocrx_word' id='word_1_127' title='bbox 753 1787 838 1884; x_wconf 83' lang='lat' dir='ltr'><strong>pilis</strong></span> <span class='ocrx_word' id='word_1_128' title='bbox 851 1791 1075 1864; x_wconf 83' lang='lat' dir='ltr'><strong>camelorum</strong></span> <span class='ocrx_word' id='word_1_129' title='bbox 1090 1819 1097 1861; x_wconf 98' lang='lat'><strong>:</strong></span> <span class='ocrx_word' id='word_1_130' title='bbox 1113 1805 1327 1866; x_wconf 86' lang='lat' dir='ltr'><strong>escaautem</strong></span> <span class='ocrx_word' id='word_1_131' title='bbox 1344 1799 1426 1888; x_wconf 83' lang='lat' dir='ltr'><strong>ejus</strong></span> <span class='ocrx_word' id='word_1_132' title='bbox 1442 1807 1548 1865; x_wconf 83' lang='lat' dir='ltr'><strong>erant</strong></span> <span class='ocrx_word' id='word_1_133' title='bbox 1559 1794 1711 1866; x_wconf 83' lang='lat' dir='ltr'><strong>locustae</strong></span> <span class='ocrx_word' id='word_1_134' title='bbox 1721 1803 1759 1862; x_wconf 88' lang='lat' dir='ltr'><strong>et</strong></span> <span class='ocrx_word' id='word_1_135' title='bbox 1773 1790 1848 1862; x_wconf 89' lang='lat' dir='ltr'><strong>mel</strong></span> <span class='ocrx_word' id='word_1_136' title='bbox 1866 1790 2040 1862; x_wconf 84' lang='lat' dir='ltr'><strong>silvestre.</strong></span> 
     </span>
     <span class='ocr_line' id='line_1_18' title="bbox 495 1883 2042 1988; baseline 0 -32"><span class='ocrx_word' id='word_1_137' title='bbox 495 1935 521 1971; x_wconf 62' lang='lat'><strong>2,</strong></span> <span class='ocrx_word' id='word_1_138' title='bbox 545 1918 608 1972; x_wconf 50' lang='lat'><strong>001,</strong></span> <span class='ocrx_word' id='word_1_139' title='bbox 631 1941 657 1988; x_wconf 71' lang='lat'><strong>9,</strong></span> <span class='ocrx_word' id='word_1_140' title='bbox 740 1885 863 1973; x_wconf 76' lang='lat' dir='ltr'><strong>Quam</strong></span> <span class='ocrx_word' id='word_1_141' title='bbox 885 1885 1129 1960; x_wconf 83' lang='lat' dir='ltr'><strong>mortificatus</strong></span> <span class='ocrx_word' id='word_1_142' title='bbox 1144 1887 1259 1960; x_wconf 89' lang='lat' dir='ltr'><strong>fuerit</strong></span> <span class='ocrx_word' id='word_1_143' title='bbox 1276 1889 1432 1982; x_wconf 87' lang='lat' dir='ltr'><strong>Paulus,</strong></span> <span class='ocrx_word' id='word_1_144' title='bbox 1447 1913 1497 1960; x_wconf 84' lang='lat' dir='ltr'><strong>ex</strong></span> <span class='ocrx_word' id='word_1_145' title='bbox 1514 1889 1596 1982; x_wconf 88' lang='lat' dir='ltr'><strong>ejus</strong></span> <span class='ocrx_word' id='word_1_146' title='bbox 1614 1886 1828 1958; x_wconf 87' lang='lat' dir='ltr'><strong>testimonio</strong></span> <span class='ocrx_word' id='word_1_147' title='bbox 1843 1883 1926 1954; x_wconf 79' lang='lat' dir='ltr'><strong>&#39;colli</strong></span> <span class='ocrx_word' id='word_1_148' title='bbox 1952 1883 2042 1978; x_wconf 81' lang='lat' dir='ltr'><strong>&#39;tur3</strong></span> 
     </span>
     <span class='ocr_line' id='line_1_19' title="bbox 544 1909 2038 2076; baseline -0.005 -21"><span class='ocrx_word' id='word_1_149' title='bbox 544 2003 589 2055; x_wconf 76' lang='lat'><strong>²7·</strong></span> <span class='ocrx_word' id='word_1_150' title='bbox 693 1980 744 2051; x_wconf 92' lang='lat' dir='ltr'><strong>ait</strong></span> <span class='ocrx_word' id='word_1_151' title='bbox 758 1980 859 2050; x_wconf 82' lang='lat' dir='ltr'><strong>enirn</strong></span> <span class='ocrx_word' id='word_1_152' title='bbox 877 2004 883 2046; x_wconf 95' lang='lat'><strong>:</strong></span> <span class='ocrx_word' id='word_1_153' title='bbox 900 1983 1037 2074; x_wconf 85' lang='lat' dir='ltr'><strong>castigo</strong></span> <span class='ocrx_word' id='word_1_154' title='bbox 1049 2005 1181 2076; x_wconf 86' lang='lat' dir='ltr'><strong>corpus</strong></span> <span class='ocrx_word' id='word_1_155' title='bbox 1194 2005 1339 2073; x_wconf 85' lang='lat' dir='ltr'><strong>meum,</strong></span> <span class='ocrx_word' id='word_1_156' title='bbox 1353 1995 1390 2053; x_wconf 89' lang='lat' dir='ltr'><strong>et</strong></span> <span class='ocrx_word' id='word_1_157' title='bbox 1403 1985 1445 2054; x_wconf 91' lang='lat' dir='ltr'><strong>in</strong></span> <span class='ocrx_word' id='word_1_158' title='bbox 1461 1983 1682 2056; x_wconf 84' lang='lat' dir='ltr'><strong>servitutem</strong></span> <span class='ocrx_word' id='word_1_159' title='bbox 1700 1979 1844 2073; x_wconf 85' lang='lat' dir='ltr'><strong>redigo,</strong></span> <span class='ocrx_word' id='word_1_160' title='bbox 1864 2003 1912 2048; x_wconf 90' lang='lat' dir='ltr'><strong>ne</strong></span> <span class='ocrx_word' id='word_1_161' title='bbox 1928 1909 2038 2069; x_wconf 67' lang='lat' dir='ltr'><strong>ibae,</strong></span> 
     </span>
     <span class='ocr_line' id='line_1_20' title="bbox 491 2051 2041 2185; baseline 0.003 -43"><span class='ocrx_word' id='word_1_162' title='bbox 491 2051 673 2185; x_wconf 54' lang='lat' dir='ltr'><strong>fflffi</strong></span> <span class='ocrx_word' id='word_1_163' title='bbox 692 2097 778 2144; x_wconf 88' lang='lat' dir='ltr'><strong>curn</strong></span> <span class='ocrx_word' id='word_1_164' title='bbox 792 2073 873 2146; x_wconf 90' lang='lat' dir='ltr'><strong>aliis</strong></span> <span class='ocrx_word' id='word_1_165' title='bbox 885 2074 1154 2169; x_wconf 74' lang='lat' dir='ltr'><strong>praedicavero,</strong></span> <span class='ocrx_word' id='word_1_166' title='bbox 1165 2077 1243 2170; x_wconf 90' lang='lat' dir='ltr'><strong>ipse</strong></span> <span class='ocrx_word' id='word_1_167' title='bbox 1254 2077 1434 2170; x_wconf 89' lang='lat' dir='ltr'><strong>reprobus</strong></span> <span class='ocrx_word' id='word_1_168' title='bbox 1446 2074 1591 2148; x_wconf 89' lang='lat' dir='ltr'><strong>efficiar.</strong></span> <span class='ocrx_word' id='word_1_169' title='bbox 1603 2077 1698 2146; x_wconf 90' lang='lat' dir='ltr'><strong>Item</strong></span> <span class='ocrx_word' id='word_1_170' title='bbox 1714 2098 1722 2141; x_wconf 94' lang='lat'><strong>:</strong></span> <span class='ocrx_word' id='word_1_171' title='bbox 1739 2097 1885 2166; x_wconf 86' lang='lat' dir='ltr'><strong>semper</strong></span> <span class='ocrx_word' id='word_1_172' title='bbox 1895 2072 2041 2146; x_wconf 86' lang='lat' dir='ltr'><strong>mortifi-</strong></span> 
     </span>
     <span class='ocr_line' id='line_1_21' title="bbox 492 2167 2040 2264; baseline 0.005 -31"><span class='ocrx_word' id='word_1_173' title='bbox 492 2195 520 2234; x_wconf 82' lang='lat'><strong>2.</strong></span> <span class='ocrx_word' id='word_1_174' title='bbox 543 2183 607 2235; x_wconf 79' lang='lat' dir='ltr'><strong>Cor.</strong></span> <span class='ocrx_word' id='word_1_175' title='bbox 633 2203 673 2238; x_wconf 82' lang='grc' dir='ltr'><strong>ιι.</strong></span> <span class='ocrx_word' id='word_1_176' title='bbox 691 2169 875 2239; x_wconf 83' lang='lat' dir='ltr'><strong>sationem</strong></span> <span class='ocrx_word' id='word_1_177' title='bbox 897 2169 988 2240; x_wconf 88' lang='lat' dir='ltr'><strong>Jesu</strong></span> <span class='ocrx_word' id='word_1_178' title='bbox 1006 2170 1046 2240; x_wconf 92' lang='lat' dir='ltr'><strong>in</strong></span> <span class='ocrx_word' id='word_1_179' title='bbox 1065 2193 1218 2264; x_wconf 69' lang='lat' dir='ltr'><strong>corpore</strong></span> <span class='ocrx_word' id='word_1_180' title='bbox 1233 2183 1363 2242; x_wconf 89' lang='lat' dir='ltr'><strong>nostro</strong></span> <span class='ocrx_word' id='word_1_181' title='bbox 1387 2168 1708 2258; x_wconf 83' lang='lat' dir='ltr'><strong>circumferentes,</strong></span> <span class='ocrx_word' id='word_1_182' title='bbox 1728 2179 1772 2238; x_wconf 89' lang='lat' dir='ltr'><strong>ut</strong></span> <span class='ocrx_word' id='word_1_183' title='bbox 1798 2177 1836 2237; x_wconf 86' lang='lat' dir='ltr'><strong>et</strong></span> <span class='ocrx_word' id='word_1_184' title='bbox 1857 2169 1937 2240; x_wconf 84' lang='lat' dir='ltr'><strong>vita</strong></span> <span class='ocrx_word' id='word_1_185' title='bbox 1957 2167 2040 2240; x_wconf 89' lang='lat' dir='ltr'><strong>Jesu</strong></span> 
     </span>
     <span class='ocr_line' id='line_1_22' title="bbox 542 2259 2036 2336; baseline -0.001 -2"><span class='ocrx_word' id='word_1_186' title='bbox 542 2265 585 2318; x_wconf 76' lang='lat'><strong>²⁷·</strong></span> <span class='ocrx_word' id='word_1_187' title='bbox 689 2260 951 2334; x_wconf 86' lang='lat' dir='ltr'><strong>manifestetur</strong></span> <span class='ocrx_word' id='word_1_188' title='bbox 964 2263 1006 2334; x_wconf 91' lang='lat' dir='ltr'><strong>in</strong></span> <span class='ocrx_word' id='word_1_189' title='bbox 1026 2289 1090 2336; x_wconf 88' lang='lat' dir='ltr'><strong>cor</strong></span> <span class='ocrx_word' id='word_1_190' title='bbox 1116 2263 1244 2336; x_wconf 76' lang='lat' dir='ltr'><strong>ombus</strong></span> <span class='ocrx_word' id='word_1_191' title='bbox 1260 2265 1407 2336; x_wconf 90' lang='lat' dir='ltr'><strong>nostris.</strong></span> <span class='ocrx_word' id='word_1_192' title='bbox 1425 2266 1532 2335; x_wconf 88' lang='lat' dir='ltr'><strong>Item:</strong></span> <span class='ocrx_word' id='word_1_193' title='bbox 1546 2263 1642 2334; x_wconf 89' lang='lat' dir='ltr'><strong>mihi</strong></span> <span class='ocrx_word' id='word_1_194' title='bbox 1660 2259 1827 2336; x_wconf 89' lang='lat' dir='ltr'><strong>mundus</strong></span> <span class='ocrx_word' id='word_1_195' title='bbox 1844 2263 2036 2335; x_wconf 83' lang='lat' dir='ltr'><strong>crucifixus</strong></span> 
     </span>
     <span class='ocr_line' id='line_1_23' title="bbox 689 2291 2036 2468; baseline 0 -42"><span class='ocrx_word' id='word_1_196' title='bbox 689 2368 764 2448; x_wconf 89' lang='lat' dir='ltr'><strong>est,</strong></span> <span class='ocrx_word' id='word_1_197' title='bbox 777 2369 814 2428; x_wconf 89' lang='lat' dir='ltr'><strong>et</strong></span> <span class='ocrx_word' id='word_1_198' title='bbox 825 2381 891 2450; x_wconf 88' lang='lat' dir='ltr'><strong>ego</strong></span> <span class='ocrx_word' id='word_1_199' title='bbox 906 2357 1060 2430; x_wconf 89' lang='lat' dir='ltr'><strong>mundo.</strong></span> <span class='ocrx_word' id='word_1_200' title='bbox 1073 2291 1351 2432; x_wconf 58' lang='lat' dir='ltr'><strong>destituritem</strong></span> <span class='ocrx_word' id='word_1_201' title='bbox 1369 2357 1470 2468; x_wconf 93' lang='lat' dir='ltr'><strong>quod</strong></span> <span class='ocrx_word' id='word_1_202' title='bbox 1481 2357 1596 2429; x_wconf 87' lang='lat' dir='ltr'><strong>fuerit</strong></span> <span class='ocrx_word' id='word_1_203' title='bbox 1612 2358 1654 2429; x_wconf 92' lang='lat' dir='ltr'><strong>in</strong></span> <span class='ocrx_word' id='word_1_204' title='bbox 1668 2355 1795 2427; x_wconf 89' lang='lat' dir='ltr'><strong>labore</strong></span> <span class='ocrx_word' id='word_1_205' title='bbox 1811 2357 2036 2448; x_wconf 81' lang='lat' dir='ltr'><strong>aerumna,in</strong></span> 
     </span>
     <span class='ocr_line' id='line_1_24' title="bbox 687 2445 2038 2612; baseline -0.003 -88"><span class='ocrx_word' id='word_1_206' title='bbox 687 2451 828 2612; x_wconf 49' lang='lat' dir='ltr'><strong>viggliis</strong></span> <span class='ocrx_word' id='word_1_207' title='bbox 852 2453 998 2545; x_wconf 85' lang='lat' dir='ltr'><strong>multis,</strong></span> <span class='ocrx_word' id='word_1_208' title='bbox 1016 2454 1058 2524; x_wconf 90' lang='lat' dir='ltr'><strong>in</strong></span> <span class='ocrx_word' id='word_1_209' title='bbox 1080 2450 1180 2524; x_wconf 86' lang='lat' dir='ltr'><strong>fame</strong></span> <span class='ocrx_word' id='word_1_210' title='bbox 1207 2466 1244 2525; x_wconf 89' lang='lat' dir='ltr'><strong>et</strong></span> <span class='ocrx_word' id='word_1_211' title='bbox 1270 2455 1349 2544; x_wconf 88' lang='lat' dir='ltr'><strong>siti,</strong></span> <span class='ocrx_word' id='word_1_212' title='bbox 1375 2478 1417 2524; x_wconf 93' lang='lat' dir='ltr'><strong>1n</strong></span> <span class='ocrx_word' id='word_1_213' title='bbox 1443 2445 1597 2547; x_wconf 81' lang='lat' dir='ltr'><strong>jejuniis</strong></span> <span class='ocrx_word' id='word_1_214' title='bbox 1623 2451 1768 2540; x_wconf 90' lang='lat' dir='ltr'><strong>multis,</strong></span> <span class='ocrx_word' id='word_1_215' title='bbox 1786 2450 1829 2522; x_wconf 92' lang='lat' dir='ltr'><strong>in</strong></span> <span class='ocrx_word' id='word_1_216' title='bbox 1851 2448 1980 2545; x_wconf 81' lang='lat' dir='ltr'><strong>frigore</strong></span> <span class='ocrx_word' id='word_1_217' title='bbox 2002 2461 2038 2522; x_wconf 90' lang='lat' dir='ltr'><strong>et</strong></span> 
     </span>
    </p>

    <p class='ocr_par' dir='ltr' id='par_1_5' title="bbox 687 2556 2031 2834">
     <span class='ocr_line' id='line_1_25' title="bbox 687 2556 1384 2614; baseline 0.001 -1"><span class='ocrx_word' id='word_1_218' title='bbox 687 2566 743 2613; x_wconf 88' lang='lat' dir='ltr'><strong>nu</strong></span> <span class='ocrx_word' id='word_1_219' title='bbox 771 2556 869 2612; x_wconf 78' lang='lat' dir='ltr'><strong>ltate.</strong></span> <span class='ocrx_word' id='word_1_220' title='bbox 1380 2605 1384 2614; x_wconf 92' lang='grc'><em>,</em></span> 
     </span>
     <span class='ocr_line' id='line_1_26' title="bbox 736 2633 2031 2800; baseline 0.005 -98"><span class='ocrx_word' id='word_1_221' title='bbox 736 2633 851 2704; x_wconf 85' lang='lat' dir='ltr'><strong>Dives</strong></span> <span class='ocrx_word' id='word_1_222' title='bbox 879 2633 1002 2728; x_wconf 88' lang='lat' dir='ltr'><strong>epulo,</strong></span> <span class='ocrx_word' id='word_1_223' title='bbox 1027 2635 1101 2800; x_wconf 58' lang='lat' dir='ltr'><strong>qui</strong></span> <span class='ocrx_word' id='word_1_224' title='bbox 1126 2637 1354 2711; x_wconf 86' lang='lat' dir='ltr'><strong>induebatur</strong></span> <span class='ocrx_word' id='word_1_225' title='bbox 1380 2663 1549 2734; x_wconf 78' lang='lat' dir='ltr'><strong>pmpura</strong></span> <span class='ocrx_word' id='word_1_226' title='bbox 1569 2652 1605 2711; x_wconf 92' lang='lat' dir='ltr'><strong>et</strong></span> <span class='ocrx_word' id='word_1_227' title='bbox 1627 2640 1750 2736; x_wconf 88' lang='lat' dir='ltr'><strong>bysso</strong></span> <span class='ocrx_word' id='word_1_228' title='bbox 1769 2649 1805 2708; x_wconf 90' lang='lat' dir='ltr'><strong>et</strong></span> <span class='ocrx_word' id='word_1_229' title='bbox 1823 2637 2031 2732; x_wconf 85' lang='lat' dir='ltr'><strong>epulabatur</strong></span> 
     </span>
     <span class='ocr_line' id='line_1_27' title="bbox 688 2725 2027 2834; baseline 0.007 -38"><span class='ocrx_word' id='word_1_230' title='bbox 688 2725 856 2834; x_wconf 79' lang='lat' dir='ltr'><strong>qnotidie</strong></span> <span class='ocrx_word' id='word_1_231' title='bbox 881 2727 1026 2823; x_wconf 87' lang='lat' dir='ltr'><strong>splendi</strong></span> <span class='ocrx_word' id='word_1_232' title='bbox 1052 2757 1090 2822; x_wconf 93' lang='lat' dir='ltr'><strong>e,</strong></span> <span class='ocrx_word' id='word_1_233' title='bbox 1109 2746 1380 2826; x_wconf 88' lang='lat' dir='ltr'><strong>consequenter</strong></span> <span class='ocrx_word' id='word_1_234' title='bbox 1395 2735 1442 2802; x_wconf 87' lang='lat' dir='ltr'><strong>ab</strong></span> <span class='ocrx_word' id='word_1_235' title='bbox 1464 2736 1569 2805; x_wconf 90' lang='lat' dir='ltr'><strong>omni</strong></span> <span class='ocrx_word' id='word_1_236' title='bbox 1586 2731 1864 2808; x_wconf 85' lang='lat' dir='ltr'><strong>mortificatione</strong></span> <span class='ocrx_word' id='word_1_237' title='bbox 1880 2730 2027 2806; x_wconf 80' lang='lat' dir='ltr'><strong>alienun</strong></span> 
     </span>
    </p>
   </div>
   <div class='ocr_carea' id='block_1_4' title="bbox 685 2819 1517 2924">
    <p class='ocr_par' dir='ltr' id='par_1_6' title="bbox 685 2819 1517 2924">
     <span class='ocr_line' id='line_1_28' title="bbox 685 2819 1517 2924; baseline 0.01 -34"><span class='ocrx_word' id='word_1_238' title='bbox 685 2831 808 2901; x_wconf 65' lang='lat' dir='ltr'><strong>:sitam</strong></span> <span class='ocrx_word' id='word_1_239' title='bbox 829 2819 1011 2924; x_wconf 73' lang='lat' dir='ltr'><strong>duxerat,</strong></span> <span class='ocrx_word' id='word_1_240' title='bbox 1033 2823 1201 2916; x_wconf 88' lang='lat' dir='ltr'><strong>sepultus</strong></span> <span class='ocrx_word' id='word_1_241' title='bbox 1218 2836 1274 2896; x_wconf 92' lang='lat' dir='ltr'><strong>est</strong></span> <span class='ocrx_word' id='word_1_242' title='bbox 1295 2826 1336 2895; x_wconf 93' lang='lat' dir='ltr'><strong>in</strong></span> <span class='ocrx_word' id='word_1_243' title='bbox 1357 2825 1517 2900; x_wconf 83' lang='lat' dir='ltr'><strong>inferno.</strong></span> 
     </span>
    </p>
   </div>
   <div class='ocr_carea' id='block_1_5' title="bbox 1076 2955 1638 3054">
    <p class='ocr_par' dir='ltr' id='par_1_7' title="bbox 1076 2955 1638 3054">
     <span class='ocr_line' id='line_1_29' title="bbox 1076 2955 1638 3054; baseline 0.004 -2"><span class='ocrx_word' id='word_1_244' title='bbox 1076 2955 1463 3052; x_wconf 67' lang='lat' dir='ltr'>‘TITULUS</span> <span class='ocrx_word' id='word_1_245' title='bbox 1510 2969 1638 3054; x_wconf 87' lang='lat' dir='ltr'><strong>CVI.</strong></span> 
     </span>
    </p>
   </div>
   <div class='ocr_carea' id='block_1_6' title="bbox 1137 3107 1583 3196">
    <p class='ocr_par' dir='ltr' id='par_1_8' title="bbox 1137 3107 1583 3196">
     <span class='ocr_line' id='line_1_30' title="bbox 1137 3107 1583 3196; baseline 0.016 -7"><span class='ocrx_word' id='word_1_246' title='bbox 1137 3107 1367 3193; x_wconf 82' lang='lat' dir='ltr'><strong>Mulierum</strong></span> <span class='ocrx_word' id='word_1_247' title='bbox 1394 3111 1583 3196; x_wconf 77' lang='lat' dir='ltr'><strong>oviolitas.</strong></span> 
     </span>
    </p>
   </div>
   <div class='ocr_carea' id='block_1_7' title="bbox 544 3241 2033 3556">
    <p class='ocr_par' dir='ltr' id='par_1_9' title="bbox 544 3241 2033 3556">
     <span class='ocr_line' id='line_1_31' title="bbox 544 3241 2029 3461; baseline -0.001 -91"><span class='ocrx_word' id='word_1_248' title='bbox 544 3360 552 3378; x_wconf 83' lang='lat'><em>.</em></span> <span class='ocrx_word' id='word_1_249' title='bbox 588 3358 596 3374; x_wconf 92' lang='lat'><strong>.</strong></span> <span class='ocrx_word' id='word_1_250' title='bbox 681 3241 834 3370; x_wconf 80' lang='lat' dir='ltr'><strong>Prima</strong></span> <span class='ocrx_word' id='word_1_251' title='bbox 848 3293 984 3370; x_wconf 89' lang='lat' dir='ltr'><strong>mulier</strong></span> <span class='ocrx_word' id='word_1_252' title='bbox 998 3294 1096 3370; x_wconf 84' lang='lat' dir='ltr'><strong>vidit</strong></span> <span class='ocrx_word' id='word_1_253' title='bbox 1113 3295 1258 3461; x_wconf 50' lang='lat' dir='ltr'><strong>binum</strong></span> <span class='ocrx_word' id='word_1_254' title='bbox 1281 3293 1482 3389; x_wconf 80' lang='lat' dir='ltr'><strong>pulcbnrm</strong></span> <span class='ocrx_word' id='word_1_255' title='bbox 1495 3309 1532 3368; x_wconf 91' lang='lat' dir='ltr'><strong>et</strong></span> <span class='ocrx_word' id='word_1_256' title='bbox 1545 3296 1775 3391; x_wconf 90' lang='lat' dir='ltr'><strong>delectabile,</strong></span> <span class='ocrx_word' id='word_1_257' title='bbox 1789 3309 1826 3370; x_wconf 80' lang='lat' dir='ltr'><strong>e‘t</strong></span> <span class='ocrx_word' id='word_1_258' title='bbox 1842 3297 1959 3371; x_wconf 86' lang='lat' dir='ltr'><strong>statim</strong></span> <span class='ocrx_word' id='word_1_259' title='bbox 1979 3319 2029 3369; x_wconf 90' lang='lat' dir='ltr'><strong>se-</strong></span> 
     </span>
     <span class='ocr_line' id='line_1_32' title="bbox 681 3387 2033 3556; baseline -0.001 -90"><span class='ocrx_word' id='word_1_260' title='bbox 681 3394 829 3490; x_wconf 89' lang='lat' dir='ltr'><strong>quitur,</strong></span> <span class='ocrx_word' id='word_1_261' title='bbox 848 3387 949 3556; x_wconf 67' lang='lat' dir='ltr'><strong>quod</strong></span> <span class='ocrx_word' id='word_1_262' title='bbox 969 3391 1048 3462; x_wconf 89' lang='lat' dir='ltr'><strong>sine</strong></span> <span class='ocrx_word' id='word_1_263' title='bbox 1072 3389 1146 3464; x_wconf 90' lang='lat' dir='ltr'><strong>deli</strong></span> <span class='ocrx_word' id='word_1_264' title='bbox 1172 3391 1336 3462; x_wconf 87' lang='lat' dir='ltr'><strong>eratione</strong></span> <span class='ocrx_word' id='word_1_265' title='bbox 1353 3389 1441 3462; x_wconf 90' lang='lat' dir='ltr'><strong>tulit</strong></span> <span class='ocrx_word' id='word_1_266' title='bbox 1456 3389 1502 3462; x_wconf 93' lang='lat' dir='ltr'><strong>de</strong></span> <span class='ocrx_word' id='word_1_267' title='bbox 1519 3389 1650 3466; x_wconf 85' lang='lat' dir='ltr'><strong>fructu</strong></span> <span class='ocrx_word' id='word_1_268' title='bbox 1669 3393 1788 3486; x_wconf 85' lang='lat' dir='ltr'><strong>illius,</strong></span> <span class='ocrx_word' id='word_1_269' title='bbox 1810 3405 1848 3466; x_wconf 90' lang='lat' dir='ltr'><strong>et</strong></span> <span class='ocrx_word' id='word_1_270' title='bbox 1869 3391 2033 3466; x_wconf 76' lang='lat' dir='ltr'><strong>comedia</strong></span> 
     </span>
    </p>
   </div>
   <div class='ocr_carea' id='block_1_8' title="bbox 600 3483 2049 4242">
    <p class='ocr_par' dir='ltr' id='par_1_10' title="bbox 729 3483 2037 3592">
     <span class='ocr_line' id='line_1_33' title="bbox 729 3483 2037 3592; baseline -0.001 -33"><span class='ocrx_word' id='word_1_271' title='bbox 729 3489 817 3559; x_wconf 89' lang='lat' dir='ltr'><strong>Sara</strong></span> <span class='ocrx_word' id='word_1_272' title='bbox 826 3540 837 3579; x_wconf 91' lang='lat'><em>,</em></span> <span class='ocrx_word' id='word_1_273' title='bbox 879 3496 938 3556; x_wconf 89' lang='lat' dir='ltr'><strong>cet</strong></span> <span class='ocrx_word' id='word_1_274' title='bbox 956 3497 1051 3558; x_wconf 87' lang='lat' dir='ltr'><strong>esset</strong></span> <span class='ocrx_word' id='word_1_275' title='bbox 1063 3485 1178 3576; x_wconf 85' lang='lat' dir='ltr'><strong>bona,</strong></span> <span class='ocrx_word' id='word_1_276' title='bbox 1192 3498 1318 3556; x_wconf 89' lang='lat' dir='ltr'><strong>tamen</strong></span> <span class='ocrx_word' id='word_1_277' title='bbox 1336 3485 1388 3592; x_wconf 78' lang='lat' dir='ltr'><strong>ita</strong></span> <span class='ocrx_word' id='word_1_278' title='bbox 1405 3483 1635 3560; x_wconf 88' lang='lat' dir='ltr'><strong>desiderabat</strong></span> <span class='ocrx_word' id='word_1_279' title='bbox 1651 3485 1788 3559; x_wconf 90' lang='lat' dir='ltr'><strong>habere</strong></span> <span class='ocrx_word' id='word_1_280' title='bbox 1804 3487 1920 3582; x_wconf 88' lang='lat' dir='ltr'><strong>filios,</strong></span> <span class='ocrx_word' id='word_1_281' title='bbox 1963 3485 2037 3558; x_wconf 91' lang='lat' dir='ltr'><strong>uod</strong></span> 
     </span>
    </p>

    <p class='ocr_par' dir='ltr' id='par_1_11' title="bbox 678 3576 2039 3691">
     <span class='ocr_line' id='line_1_34' title="bbox 678 3576 2039 3691; baseline 0.001 -38"><span class='ocrx_word' id='word_1_282' title='bbox 678 3583 784 3691; x_wconf 78' lang='lat' dir='ltr'><strong>prius</strong></span> <span class='ocrx_word' id='word_1_283' title='bbox 802 3579 926 3656; x_wconf 78' lang='lat' dir='ltr'><strong>voluit</strong></span> <span class='ocrx_word' id='word_1_284' title='bbox 944 3579 1080 3653; x_wconf 89' lang='lat' dir='ltr'><strong>habere</strong></span> <span class='ocrx_word' id='word_1_285' title='bbox 1096 3579 1141 3652; x_wconf 90' lang='lat' dir='ltr'><strong>de</strong></span> <span class='ocrx_word' id='word_1_286' title='bbox 1160 3577 1293 3652; x_wconf 90' lang='lat' dir='ltr'><strong>ancilla</strong></span> <span class='ocrx_word' id='word_1_287' title='bbox 1311 3576 1448 3672; x_wconf 86' lang='lat' dir='ltr'><strong>fihum,</strong></span> <span class='ocrx_word' id='word_1_288' title='bbox 1466 3581 1642 3677; x_wconf 88' lang='lat' dir='ltr'><strong>inquiens</strong></span> <span class='ocrx_word' id='word_1_289' title='bbox 1663 3604 1672 3650; x_wconf 74' lang='grc' dir='ltr'>ι</span> <span class='ocrx_word' id='word_1_290' title='bbox 1696 3579 1895 3677; x_wconf 79' lang='lat' dir='ltr'><strong>ingredere</strong></span> <span class='ocrx_word' id='word_1_291' title='bbox 1978 3605 2039 3654; x_wconf 86' lang='lat' dir='ltr'><strong>an·</strong></span> 
     </span>
    </p>

    <p class='ocr_par' dir='ltr' id='par_1_12' title="bbox 600 3675 2042 3862">
     <span class='ocr_line' id='line_1_35' title="bbox 600 3675 2042 3862; baseline 0.003 -25"><span class='ocrx_word' id='word_1_292' title='bbox 600 3840 607 3857; x_wconf 59' lang='grc'>,</span> <span class='ocrx_word' id='word_1_293' title='bbox 681 3675 960 3860; x_wconf 54' lang='lat' dir='ltr'><strong>elliblbrlildgdia</strong></span> <span class='ocrx_word' id='word_1_294' title='bbox 975 3687 1161 3861; x_wconf 49' lang='lat' dir='ltr'><strong>lidbeccffi</strong></span> <span class='ocrx_word' id='word_1_295' title='bbox 1183 3792 1232 3841; x_wconf 90' lang='lat' dir='ltr'><strong>an</strong></span> <span class='ocrx_word' id='word_1_296' title='bbox 1256 3764 1369 3841; x_wconf 87' lang='lat' dir='ltr'><strong>vellet</strong></span> <span class='ocrx_word' id='word_1_297' title='bbox 1393 3729 1447 3837; x_wconf 79' lang='lat' dir='ltr'><strong>ire</strong></span> <span class='ocrx_word' id='word_1_298' title='bbox 1460 3791 1556 3840; x_wconf 86' lang='lat' dir='ltr'><strong>cum</strong></span> <span class='ocrx_word' id='word_1_299' title='bbox 1583 3767 1725 3842; x_wconf 85' lang='lat' dir='ltr'><strong>famulo</strong></span> <span class='ocrx_word' id='word_1_300' title='bbox 1750 3769 1924 3862; x_wconf 71' lang='lat' dir='ltr'><strong>Abrabae,</strong></span> <span class='ocrx_word' id='word_1_301' title='bbox 1947 3792 2042 3843; x_wconf 90' lang='lat' dir='ltr'><strong>con-</strong></span> 
     </span>
    </p>

    <p class='ocr_par' dir='ltr' id='par_1_13' title="bbox 678 3860 2049 4024">
     <span class='ocr_line' id='line_1_36' title="bbox 678 3860 2049 4024; baseline 0.003 -92"><span class='ocrx_word' id='word_1_302' title='bbox 678 3861 789 4024; x_wconf 53' lang='lat' dir='ltr'><strong>}linuo</strong></span> <span class='ocrx_word' id='word_1_303' title='bbox 800 3860 993 4023; x_wconf 54' lang='lat' dir='ltr'><strong>fflfndst</strong></span> <span class='ocrx_word' id='word_1_304' title='bbox 1008 3887 1020 3929; x_wconf 90' lang='lat'><strong>:</strong></span> <span class='ocrx_word' id='word_1_305' title='bbox 1037 3861 1191 3936; x_wconf 83' lang='lat' dir='ltr'><strong>Vadam.</strong></span> <span class='ocrx_word' id='word_1_306' title='bbox 1211 3861 1295 3934; x_wconf 92' lang='lat' dir='ltr'><strong>Non</strong></span> <span class='ocrx_word' id='word_1_307' title='bbox 1310 3860 1435 3982; x_wconf 80' lang='lat' dir='ltr'><strong>dixit:</strong></span> <span class='ocrx_word' id='word_1_308' title='bbox 1453 3861 1542 3937; x_wconf 86' lang='lat' dir='ltr'><strong>volo</strong></span> <span class='ocrx_word' id='word_1_309' title='bbox 1554 3863 1631 3958; x_wconf 90' lang='lat' dir='ltr'><strong>ire,</strong></span> <span class='ocrx_word' id='word_1_310' title='bbox 1645 3865 1677 3937; x_wconf 89' lang='lat' dir='ltr'><strong>si</strong></span> <span class='ocrx_word' id='word_1_311' title='bbox 1698 3864 1817 3962; x_wconf 89' lang='lat' dir='ltr'><strong>placet</strong></span> <span class='ocrx_word' id='word_1_312' title='bbox 1833 3865 1960 3959; x_wconf 77' lang='lat' dir='ltr'><strong>vobis,</strong></span> <span class='ocrx_word' id='word_1_313' title='bbox 1973 3863 2049 3968; x_wconf 68' lang='lat' dir='ltr'><strong>yel-</strong></span> 
     </span>
    </p>

    <p class='ocr_par' dir='ltr' id='par_1_14' title="bbox 678 3979 2033 4242">
     <span class='ocr_line' id='line_1_37' title="bbox 700 3979 2033 4218; baseline 0.008 -101"><span class='ocrx_word' id='word_1_314' title='bbox 700 3979 834 4218; x_wconf 30' lang='lat' dir='ltr'><strong>,uliliiass</strong></span> <span class='ocrx_word' id='word_1_315' title='bbox 852 4008 951 4155; x_wconf 68' lang='lat' dir='ltr'><strong>Loth</strong></span> <span class='ocrx_word' id='word_1_316' title='bbox 973 4047 1097 4140; x_wconf 87' lang='lat' dir='ltr'><strong>potius</strong></span> <span class='ocrx_word' id='word_1_317' title='bbox 1118 4049 1323 4129; x_wconf 85' lang='lat' dir='ltr'><strong>voluerunt</strong></span> <span class='ocrx_word' id='word_1_318' title='bbox 1346 4051 1394 4126; x_wconf 86' lang='lat' dir='ltr'><strong>dc</strong></span> <span class='ocrx_word' id='word_1_319' title='bbox 1413 4062 1518 4150; x_wconf 67' lang='lat' dir='ltr'><strong>patre</strong></span> <span class='ocrx_word' id='word_1_320' title='bbox 1538 4052 1673 4132; x_wconf 81' lang='lat' dir='ltr'><strong>liberos</strong></span> <span class='ocrx_word' id='word_1_321' title='bbox 1697 4054 1885 4154; x_wconf 78' lang='lat' dir='ltr'><strong>suscipere</strong></span> <span class='ocrx_word' id='word_1_322' title='bbox 1891 4097 1912 4151; x_wconf 86' lang='lat'><strong>‚·</strong></span> <span class='ocrx_word' id='word_1_323' title='bbox 1926 4075 2033 4153; x_wconf 79' lang='lat' dir='ltr'><strong>quam</strong></span> 
     </span>
     <span class='ocr_line' id='line_1_38' title="bbox 678 4165 1155 4242; baseline 0.008 -26"><span class='ocrx_word' id='word_1_324' title='bbox 678 4167 758 4218; x_wconf 80' lang='lat' dir='ltr'><strong>sine</strong></span> <span class='ocrx_word' id='word_1_325' title='bbox 795 4167 906 4219; x_wconf 81' lang='lat' dir='ltr'><strong>rens</strong></span> <span class='ocrx_word' id='word_1_326' title='bbox 929 4165 1155 4242; x_wconf 80' lang='lat' dir='ltr'><strong>permanere.</strong></span> 
     </span>
    </p>
   </div>
   <div class='ocr_carea' id='block_1_9' title="bbox 2197 1273 2209 2423">
    <p class='ocr_par' dir='ltr' id='par_1_15' title="bbox 2197 1273 2209 2423">
     <span class='ocr_line' id='line_1_39' title="bbox 2197 1273 2209 2423; baseline 0 0"><span class='ocrx_word' id='word_1_327' title='bbox 2197 1273 2209 2423; x_wconf 95' lang='lat' dir='ltr'><strong> </strong></span> 
     </span>
    </p>
   </div>
   <div class='ocr_carea' id='block_1_10' title="bbox 2201 2633 2203 2708">
    <p class='ocr_par' dir='ltr' id='par_1_16' title="bbox 2201 2633 2203 2708">
     <span class='ocr_line' id='line_1_40' title="bbox 2201 2633 2203 2708; baseline 0 0"><span class='ocrx_word' id='word_1_328' title='bbox 2201 2633 2203 2708; x_wconf 87' lang='lat' dir='ltr'><strong>l</strong></span> 
     </span>
    </p>
   </div>
   <div class='ocr_carea' id='block_1_11' title="bbox 0 0 2254 5462">
    <p class='ocr_par' dir='ltr' id='par_1_17' title="bbox 0 0 2254 5462">
     <span class='ocr_line' id='line_1_41' title="bbox 0 0 2254 5462; baseline 0 8"><span class='ocrx_word' id='word_1_329' title='bbox 0 0 2254 5462; x_wconf 95' lang='lat' dir='ltr'><strong> </strong></span> 
     </span>
    </p>
   </div>
  </div>
 </body>
</html>
