4502 5484
1012 184 1017 196 -
1083 127 1102 226 a

852 226 856 234 .
971 241 979 292 Ι
1041 283 1049 290 .
1091 235 1093 248 .

493 373 757 475 TITULUS
789 381 864 474 Vl.
900 377 1120 476 Adulatio
1454 357 1484 504 9

178 603 268 679 Mali
288 603 479 701 prophetae
503 585 674 678 dicebant
692 603 915 701 Achab'regi
931 606 1045 680 lsraiil
1067 606 1112 679 de
1129 604 1226 679 bello
1247 607 1378 682 sutum
1396 631 1484 704 pro-
1499 643 1524 695 3,
1555 643 1619 712 aeg.
1638 647 1683 700 aa.
1714 613 1717 622 ’

133 725 255 799 spera,
280 699 486 772 secundum
538 699 614 771 uod
636 723 720 774 eum
746 699 843 773 velle
870 702 1065 774 sciebant...

180 795 270 866 Post
285 795 427 866 obitum
442 794 524 890 Joja
550 819 581 866 ae
595 795 815 886 Sacerdotis,
828 796 1014 891 principes
1032 791 1054 868 J
1057 795 1130 868 uda
1153 795 1404 880 adoraverunt
1428 822 1484 870 re-
1500 827 1525 864 α.
1552 811 1612 864 rar.
1638 807 1681 872 πή.

42 913 44 918 ’
135 913 227 986 gem.
250 888 327 978 Qui
348 887 526 961 delinitus
551 889 739 984 obsequiis
761 915 891 963 eorum
912 892 1099 986 acquievit
1122 893 1192 984 eis,
1219 905 1256 965 et
1278 889 1486 988 derelique-

135 995 227 1056 runt
251 982 434 1077 templum
455 983 623 1075 Domini,
646 984 930 1080 servieruntque
955 983 1049 1058 lucis
1076 999 1113 1058 et
1142 986 1386 1082 sculptilibus.

153 1144 157 1153 ,
185 1075 468 1152 AEdificantibus
484 1079 667 1173 templum
682 1078 768 1153 filiis
779 1079 904 1171 Judae,
916 1091 1002 1176 post
1018 1079 1181 1152 reditum
1197 1081 1242 1150 de
1258 1105 1300 1151 ca
1327 1080 1486 1170 tivitate,
1505 1113 1528 1144 ι.
1553 1090 1615 1144 End.
1638 1087 1669 1156 tv

137 1172 264 1242 hostes
282 1191 412 1241 eorum
429 1171 657 1264 scripserunt
680 1175 776 1265 regi:
793 1171 869 1244 Nos
888 1198 1070 1243 metueres
1089 1173 1191 1264 salis,
1210 1197 1285 1267 quo
1332 1173 1374 1243 in
1391 1171 1489 1266 pala-

138 1267 194 1339 tio
220 1261 464 1354 comedimus,
487 1275 525 1334 et
572 1266 636 1335 uia
663 1258 833 1334 laesiones
859 1263 956 1358 regis
976 1261 1105 1335 videre
1130 1265 1235 1334 nefas
1257 1265 1440 1335 ducimus.

187 1355 531 1434 Nabuchodonosor
546 1289 652 1430 dixit
673 1355 876 1454 majoribus
898 1368 1007 1448 natu,
1031 1369 1068 1428 et
1089 1355 1248 1432 ducibus
1268 1356 1491 1430 bellatorum
1506 1363 1609 1438 Judith·
1625 1375 1654 1412 ²·

143 1476 316 1545 suorum,
335 1452 594 1548 cogitationem
611 1476 718 1525 suam
735 1475 829 1543 esse,
845 1461 890 1522 ut
906 1475 1053 1524 omnem
1072 1463 1211 1524 terram
1230 1477 1298 1526 suo
1321 1452 1493 1548 subjuga-

47 1625 50 1628 ,
142 1560 201 1622 ret
221 1546 394 1641 imperio,
417 1544 517 1642 quod
545 1571 632 1620 cum
660 1546 858 1642 placuisset
884 1545 1059 1618 omnibus
1086 1558 1153 1618 etc.

190 1638 274 1714 Rex
286 1637 501 1716 Anasverus
521 1643 639 1715 iratus
669 1639 943 1714 contraVastbi
964 1665 1005 1712 re
1033 1639 1147 1732 nam,
1172 1641 1417 1737 interrogavit
1443 1663 1497 1712 sa·
1511 1649 1632 1704 Beth-1·

144 1739 289 1832 pientes
323 1737 551 1812 consiliarios
581 1763 695 1829 suos,
716 1737 778 1808 eui
793 1737 999 1836 'sententiae
1052 1735 1152 1809 asthi
1176 1733 1405 1832 subjaceret?
1422 1734 1500 1824 Qui

145 1855 225 1903 non
242 1842 545 1926 temperaverunt
570 1831 876 1928 regisfurorem,
898 1857 967 1903 nec
984 1843 1265 1904 excusaverunt
1290 1831 1500 1921 absentem,

145 1925 216 2090 sed]
237 1947 339 1998 unus
369 1927 586 2022 respondit,
613 1951 701 2002 eum
732 1927 988 2021 indignatione
1014 1925 1168 1998 dicens:
1194 1929 1290 2020 regis
1314 1928 1416 2021 justa
1445 1935 1502 1996 est

147 2045 190 2092 in
218 2022 231 2090 i
282 2022 367 2093 atio.

199 2045 320 2184 Adnisi
340 2115 460 2185 Amen
478 2125 515 2186 et
531 2135 633 2188 uxor
647 2119 745 2207 e'us,
764 2139 843 2188 non
869 2127 1079 2190 avertentes
1101 2116 1303 2210 pessimum
1320 2114 1505 2200 animum,
1522 2120 1596 2178 seth·
1616 2117 1643 2172 ⁵·

153 2225 269 2363 auem
288 2204 449 2270 habebat
475 2231 561 2291 erga
575 2215 637 2278 Ma
681 2210 871 2302 ochaeum,
896 2235 967 2281 nec
995 2209 1286 2303 increpaverunt
1314 2231 1419 2298 eum,
1443 2203 1507 2278 scd

182 2302 357 2363 rxerunt:
386 2287 482 2357 Jube
504 2291 690 2359 excelsam
712 2302 836 2380 parari
861 2301 1016 2358 trabem.

204 2382 396 2475 Principes
429 2388 466 2450 et
486 2379 647 2472 Satrapae
667 2380 772 2446 Darii
792 2382 889 2470 regis
914 2381 1129 2468 Persarum,
1160 2385 1379 2477 cupientes,
1409 2389 1510 2474 quod
1528 2401 1598 2446 nm
1619 2397 1647 2443 a

155 2501 229 2551 rex
254 2475 430 2569 iniquum
456 2481 636 2545 statueret
664 2469 881 2560 decretum,
906 2482 1183 2563 proposuerunt
1213 2474 1380 2564 aliquid,
1409 2470 1511 2564 quod

156 2571 357 2648 videbatur
377 2568 563 2664 pertinere
584 2561 630 2634 ad
659 2563 842 2636 honorem
864 2563 992 2658 ipsius.
1018 2569 1026 2582 '

207 2665 374 2738 Alcimus
406 2659 575 2758 proditor
599 2659 767 2754 impius,
798 2659 865 2754 qui
894 2656 1044 2730 volebat
1079 2657 1161 2730 fieri
1194 2656 1385 2749 sacerdos,
1412 2655 1512 2732 dixit
1531 2684 1555 2720 ι·
1581 2655 1732 2727 Mur·
1776 2703 1779 2710 ι

160 2762 240 2856 regi
265 2759 483 2831 Demetrio:
512 2751 680 2829 Perdidit
701 2753 818 2824 Judas
840 2766 878 2826 et
903 2750 1037 2826 fratres
1061 2753 1153 2847 ejus
1165 2754 1302 2824 aulicos
1321 2765 1420 2825 tuos.
1450 2754 1515 2824 Se—
1584 2765 1588 2774 '

162 2857 296 2966 quitur
316 2865 464 2948 postea3
485 2847 596 2939 Quod
627 2848 813 2920 Alcimum
830 2847 936 2920 hunc
961 2848 1156 2920 constituit
1185 2872 1257 2920 rex
1282 2848 1324 2919 in
1347 2845 1516 2920 sacerdo-

163 2963 240 3043 tro,
267 2960 305 3020 et
321 2945 516 3020 mandavit
542 2945 578 3016 ei
601 2941 722 3015 iacere
742 2943 927 3016 ultionem
952 2943 993 3014 in
1019 2941 1117 3014 filios
1139 2940 1264 3016 lsrael.

214 3035 486 3116 Recedentibus
507 3037 700 3133 discipulis
729 3037 905 3128 ioannis,
925 3038 1037 3132 coepit
1058 3038 1244 3109 Dominus
1264 3037 1389 3132 ipsum
1404 3037 1520 3108 mira-
1536 3049 1635 3108 math.
1656 3062 1697 3098 n.

167 3139 302 3303 ‹pilitepl
315 3133 596 3227 commendare,
621 3144 751 3206 contra
775 3133 859 3209 illos
875 3133 943 3230 qui
965 3131 1088 3228 palam
1118 3130 1300 3224 laudant,
1320 3145 1358 3205 et
1376 3129 1520 3205 occulte

196 3243 273 3302 etra
303 3242 385 3300 unt.
943 3294 947 3304 ,

219 3321 400 3396 Pharisaei
413 3321 582 3394 volentes
599 3346 727 3418 capere
739 3324 933 3400 Christum
949 3325 991 3396 in
1004 3347 1194 3414 sermone,
1214 3332 1408 3416 coeperunt
1422 3341 1525 3412 mag·
1541 3332 1639 3389 meu.
1650 3344 1700 3380 ω.

172 3445 242 3495 nes
264 3414 393 3490 laudes
421 3416 456 3484 ei
481 3413 622 3484 dicere:
646 3421 846 3513 Magister,
867 3420 1026 3509 somus,
1057 3418 1147 3512 quia
1164 3441 1285 3489 verax
1307 3439 1346 3484 es
1368 3425 1436 3484 ete.

222 3510 366 3585 Videns
388 3505 664 3601 Herodestgrt
687 3535 734 3602 pa
752 3537 823 3585 rex
845 3537 1020 3602 magnus,
1044 3511 1133 3605 quia
1154 3510 1314 3602 placeret
1329 3506 1469 3575 Judaeis
1484 3505 1528 3574 in
1544 3522 1605 3574 Act.
1625 3533 1665 3569 ια.

175 3609 272 3698 boc,
299 3601 401 3699 quod
432 3599 613 3697 quosdam
675 3625 696 3671 e
731 3601 882 3673 eeclesia
908 3610 1073 3693 ceperat,
1105 3610 1142 3667 et
1162 3595 1343 3667 Jacobum
1374 3594 1528 3669 fratrem

178 3699 337 3774 loannis
363 3696 568 3787 occiderat,
593 3697 766 3791 apposuit
789 3692 1064 3791 apprehendere
1092 3700 1129 3760 et
1150 3691 1314 3762 Petrum.

230 3791 368 3866 Herodi
393 3790 624 3888 nequissimo
644 3792 743 3886 regi,
768 3791 835 3885 qui
851 3787 1033 3860 occiderat
1053 3784 1251 3874 Jacobum,
1271 3795 1308 3856 et
1323 3784 1530 3856 incarcera—
1547 3803 1659 3859 niuem.

182 3890 248 3960 bat
269 3889 447 3976 Petrum,
466 3911 516 3982 po
540 3885 627 3959 ulus
655 3884 902 3977 acclamabat,
930 3905 1041 3955 voces
1062 3878 1132 3950 Dei
1153 3891 1190 3950 et
1206 3902 1284 3949 non
1304 3877 1480 3951 hominis.
1539 3913 1551 3926 -

235 3983 369 4054 Orator
394 3982 482 4054 Tert
540 4007 607 4072 us,
633 3992 763 4054 contra
784 3978 944 4052 Paulum
968 4001 990 4048 a
1018 3973 1137 4071 prinei
1164 3999 1185 4045 e
1210 3972 1442 4046 sacerdotum
1465 3971 1532 4046 ad·
1550 3976 1610 4034 Ace
1629 3969 1671 4036 at·

185 4075 346 4172 ductus,
366 4078 408 4154 in
428 4076 611 4174 principio
636 4075 814 4152 orationis
843 4071 1015 4150 aduatus
1041 4079 1096 4147 est
1128 3999 1242 4232 delicBi
1268 4065 1432 4168 prasidi.
1679 4087 1681 4092 ’
