4464 5464
748 523 835 624 act
1118 501 1384 597 TITULUS
1414 495 1562 590 CXLI.
1609 491 1817 582 Prodit'ioss

757 631 2104 680 p—W—-n——ffl-——n-p-——u-—Q

549 771 642 830 sctor.
659 765 699 820 ιθ.
801 747 963 840 Quidam
975 745 1147 820 homines
1158 743 1339 814 habentes
1350 733 1530 836 puellam,
1548 757 1571 804 a
1582 725 1809 838 quaPauius
1821 725 1937 823 ejecit
1949 730 2109 824 spiritum

751 844 1028 956 Phytonicum,
1043 849 1316 915 accusaverunt
1330 850 1419 908 eum
1437 845 1474 904 et
1489 829 1602 903 Silam
1625 829 1708 924 ejus
1733 848 1901 919 socrum,
1930 826 2027 924 quod
2046 830 2108 925 ipsi

753 951 945 1018 civitatem
963 939 1177 1014 turbabant.
1190 935 1428 1030 Magistratus
1444 938 1571 1001 autem
1587 925 1667 997 sine
1683 921 1811 1018 aliqua
1824 923 2044 1019 probatione
2058 925 2105 998 se-

754 1049 889 1112 cerunt
898 1036 1060 1110 Paulum
1079 1047 1116 1108 et
1127 1031 1242 1107 Silam
1259 1030 1376 1125 virgis
1393 1023 1502 1118 aedi,
1529 1022 1622 1094 etin
1641 1043 1827 1094 carcerem
1843 1019 1988 1098 durum
2005 1025 2102 1098 mitti.

423 1207 425 1216 ,
554 1165 645 1218 Actor.
661 1161 706 1214 23.
802 1133 1012 1209 Productus
1034 1131 1175 1207 Paulus
1204 1129 1247 1201 in
1273 1123 1474 1198 consilium
1501 1131 1663 1231 coeperat
1685 1116 1964 1193 rationabiliter
1988 1117 2099 1290 lopui,

750 1231 814 1308 sed
833 1231 880 1304 ad
907 1233 1074 1329 primum
1097 1226 1281 1319 verbum,
1304 1217 1406 1319 quod
1434 1217 1560 1310 dixit,
1585 1240 1758 1314 princeps
1776 1214 2010 1292 sacerdotum
2041 1222 2098 1298 ecit

750 1355 838 1404 eum
855 1327 1011 1424 percuti.
1038 1327 1147 1399 Tunc
1167 1319 1308 1394 Paulus
1331 1317 1431 1390 dixit
1448 1343 1459 1408 3
1484 1314 1672 1388 Percutiet
1699 1322 1737 1383 te
1760 1311 1976 1408 Dominus,
1993 1320 2093 1412 parias

750 1425 945 1518 dealbate,
974 1435 1011 1496 et
1029 1435 1076 1496 tu
1105 1418 1239 1494 sedens
1262 1411 1472 1491 secundum
1487 1412 1632 1508 legem,
1651 1421 1689 1483 et
1714 1419 1849 1482 conua
1869 1409 1980 1510 legem
1996 1415 2092 1508 jubes

749 1547 810 1596 me
863 1519 1027 1594 arcun?
1585 1593 1590 1602 ,

552 1637 645 1690 sator.
659 1635 703 1692 25.
799 1549 916 1691 Midas
944 1615 1120 1714 praesides
1142 1624 1178 1686 et
1198 1611 1350 1708 iniquos
1376 1604 1511 1680 habuit
1536 1601 1677 1696 Paulus
1698 1601 1853 1678 Felicem
1880 1616 1915 1676 et
1930 1604 2083 1700 Festum,

776 1716 818 1786 ui
841 1714 1020 1786 volebant
1105 1712 1197 1784 tiam
1219 1705 1360 1788 hdaeis
1381 1711 1581 1803 praestare,
1608 1698 1796 1774 etidcirco
1816 1697 2007 1798 compulsus
2025 1715 2077 1775 est

750 1743 934 1882 bassarem
956 1737 1150 1904 appeiiire.
1806 1827 1812 1832 ·

1070 2003 1073 2008 '
1145 1978 1483 2071 TITULUS
1541 1973 1721 2062 CXLI.
1785 2059 1790 2068 .

1334 2151 1542 2237 Proditis.

555 2414 577 2451 „
589 2396 652 2464 110,
670 2409 707 2463 ,9,
752 2291 949 2426 patiente
969 2349 1081 2459 Saule
1098 2349 1341 2426 vexationem
1365 2343 1597 2443 adamans,
1620 2341 1744 2457 David
1766 2367 1893 2422 coram
1914 2347 1985 2444 ipso
1999 2343 2083 2443 psat.

752 2445 875 2540 lebat,
899 2462 937 2548 et
959 2448 1021 2522 ille
1044 2473 1150 2526 nisus
1178 2459 1234 2522 est
1260 2471 1347 2518 eum
1369 2440 1553 2538 configere
1580 2451 1713 2538 parretr
1733 2466 1824 2518 cum
1840 2445 1972 2537 lancea,
1984 2465 2082 2546 quam

535 2633 583 2718 ¹1.
597 2665 660 2729 neg.
677 2659 718 2712 re.
756 2547 1105 2739 ieldhiritpromisit,
1133 2667 1172 2714 se
1198 2603 1378 2714 daturum
1406 2634 1524 2710 filiam
1555 2661 1662 2712 suam
1683 2635 1829 2734 David,
1854 2603 1895 2714 ut
1918 2665 1981 2736 per
1998 2637 2081 2712 hanc

754 2737 986 2814 occasionem
1003 2752 1127 2836 posset
1149 2765 1172 2810 a
1188 2735 1390 2828 Philistoeis
1422 2731 1551 2807 occidi.

561 2839 661 2930 a'aeg.
676 2859 719 2910 as.
805 2836 972 2911 salvavit
1003 2834 1127 2910 David
1152 2834 1381 2908 habitatores
1415 2829 1525 2904 Geilae
1555 2832 1602 2906 ab
1628 2833 1789 2906 exercitu
1816 2828 2079 2902 Philistinorum

757 2934 1058 3094 oppffignaptium
1081 2933 1284 3095 cip-itatem.
1307 2932 1356 3002 Et
1374 2940 1500 3000 tamen
1523 2928 1719 3042 voluerunt
1741 2949 1825 2998 eum
1842 2921 1974 2998 uadem
1995 2917 2099 2992 Saul·

757 3044 828 3091 aem
872 3047 894 3093 o
937 3045 1063 3093 reum
1085 3047 1107 3092 a
1160 3047 1318 3096 morem
1366 3047 1449 3097 rose
1476 3037 1593 3098 uenti.

561 3167 584 3204 1.
599 3150 661 3216 aeg.
675 3139 721 3210 24.
804 3045 1009 3214 Postdueim
1025 3116 1111 3192 Saul
1132 3119 1307 3214 fleverat,
1334 3050 1603 3217 dumiboleret
1627 3120 1673 3193 de
1693 3117 1939 3218 persecutione
1952 3112 2082 3206 David,

616 3273 620 3282 ,
756 3230 793 3291 et
826 3215 951 3291 David
984 3216 1019 3289 ei
1054 3217 1267 3313 juraverat,
1301 3229 1519 3315 persecutus
1551 3229 1607 3293 est
1638 3217 1761 3294 David
1792 3217 1846 3292 ita
1879 3214 2037 3312 nequiter
2054 3221 2085 3283 et

754 3313 911 3408 aeriter,
940 3313 1037 3386 sicut
1062 3315 1167 3411 prius
1197 3313 1348 3389 fecerat.

555 3457 580 3494 a.
595 3439 658 3509 seg.
674 3453 717 3489 n.
802 3410 915 3485 Urias
941 3408 1076 3484 detulit
1107 3410 1154 3483 ad
1184 3410 1276 3484 Joab
1304 3435 1355 3486 ex
1377 3422 1482 3510 parte
1503 3411 1627 3488 David
1646 3411 1773 3487 literas
1796 3413 1935 3486 mortis.

555 3570 580 3606 2,
599 3555 662 3622 neg.
677 3521 721 3604 ,3j
803 3507 955 3582 Amnon
994 3505 1095 3581 filius
1126 3507 1250 3583 David
1279 3521 1480 3586 vocaverat
1513 3535 1677 3584 sororem
1707 3508 1897 3603 Thamar,
1929 3503 2025 3604 quasi
2047 3498 2086 3573 de

694 3607 702 3616 ’
752 3631 869 3681 manu
899 3604 1002 3678 illius
1025 3604 1151 3679 cibum
1176 3631 1322 3679 sumere
1350 3604 1509 3680 deberet.
1533 3609 1582 3679 Et
1603 3619 1730 3704 postea
1748 3608 1933 3704 oppressit
1953 3627 2042 3710 eam..
2068 3693 2074 3708 ⁸

553 3730 667 3788 ratem.
799 3701 959 3776 Vocavit
977 3699 1023 3772 ed
1047 3703 1268 3778 convivium
1290 3702 1455 3776 Absadon
1477 3706 1628 3778 Amnon
1649 3701 1806 3778 fratrem
1837 3728 1970 3797 suum,
1986 3710 2020 3772 et
2034 3695 2089 3770 rbi·

435 3883 438 3892 Δ
749 3799 835 3872 dem
858 3797 993 3872 occidit
1020 3823 1118 3872 eum.
1265 3819 1268 3826 ’

551 3951 576 3987 ,,
592 3937 656 3999 neg.
669 3945 714 3982 ,a
800 3896 895 3969 Cum
919 3891 1115 3969 salutasset
1135 3897 1228 3970 Joab
1250 3895 1448 3990 Amasam,
1466 3889 1574 3995 quasi
1592 3896 1754 3972 osculari
1772 3923 1868 3974 eum
1887 3895 2092 3990 vellet,per-

751 3993 868 4064 cussit
889 3991 976 4064 eum
1002 3993 1043 4064 in
1068 3994 1212 4084 latere,
1242 4004 1280 4064 et
1313 3991 1444 4067 effudit
1466 3996 1646 4068 intestina
1667 3995 1781 4068 illius.

550 4115 578 4167 s.
592 4111 704 4180 segne
798 4088 968 4180 Zambri,
998 4087 1082 4160 dux
1110 4088 1242 4162 mediae
1273 4089 1388 4186 partis
1411 4091 1606 4186 equitum,
1637 4091 1772 4164 oceidit
1795 4091 1896 4166 Heia
1913 4086 2094 4164 Dominum

750 4211 888 4279 suum,
916 4196 954 4256 et
980 4185 1152 4282 regnavit
1180 4197 1264 4281 post
1294 4211 1382 4258 eum
1410 4197 1551 4283 septem
1574 4189 1705 4264 diebus
1732 4189 1902 4262 tantiam.
1936 4185 2093 4259 Obsessus

749 4282 848 4354 enirn
877 4281 978 4368 suit,
1010 4294 1046 4355 et
1070 4281 1262 4356 succendit
1285 4307 1344 4372 se,
1367 4295 1404 4356 et
1432 4283 1627 4380 palatium,
1654 4287 1694 4358 in
1723 4309 1799 4380 quo
1823 4297 1922 4358 erat.

527 4397 651 4472 'asca
675 4399 713 4455 ιε.
797 4378 934 4452 Sellum
958 4377 1059 4450 filius
1082 4378 1191 4452 Jabes
1215 4381 1430 4475 conjuravit
1456 4393 1586 4454 contra
1602 4380 1820 4456 Zachariam
1845 4403 1972 4478 regem
1997 4363 2096 4446 lsrael

746 4469 952 4547 Dominum
981 4499 1090 4546 suum
1104 4528 1115 4571 ,
1147 4487 1183 4550 et
1208 4473 1397 4551 interfecit
1423 4503 1510 4552 eum
1531 4489 1569 4552 et
1594 4477 1768 4574 regnavit
1793 4491 1884 4578 post
1912 4499 1998 4552 eum
2032 4485 2098 4540 uno

747 4591 875 4642 mense
901 4569 1061 4643 tantum.
1911 4618 1913 4624 s
2017 4563 2100 4636 Cum
