4498 5462
473 557 484 570 ,
536 443 801 534 uranus
845 443 911 532 cr.
963 441 1124 531 Moru.
1423 447 1508 562 '189'

150 671 366 770 'Apostolum
394 670 541 744 faceret.
569 667 674 742 Hanc
704 667 996 748 Misericordiam
1016 667 1156 744 Paulus
1182 670 1262 767 ipse
1286 666 1509 766 depraedicat
1528 683 1548 718 ¹·
1581 664 1654 781 aa,
1685 680 1707 716 ¹·

149 771 188 844 in
220 765 385 865 Epistola
412 767 459 840 ad
488 765 741 839 Timotheum.
902 775 906 781 “
1158 775 1160 780 ’
1528 731 1628 796 *¹²¹⁶
1653 747 1708 800 Μ’

194 868 291 960 Erga
327 889 457 938 omnes
485 874 706 975 peccatores.
732 861 830 938 Hinc
863 865 1073 938 communis
1103 860 1149 936 de
1182 861 1248 936 illo
1263 893 1267 898 ·
1282 887 1404 936 sermo
1417 887 1425 933 :
1438 861 1511 935 Hic
1530 857 1594 914 ¹⁴⁰⁶·
1620 858 1660 914 ²5·
1683 873 1710 912 ²·

148 975 356 1059 peccatores
379 962 521 1057 recipit.
1113 1023 1117 1030 .
1648 973 1651 981 '

194 1061 290 1152 Erga
298 1069 421 1130 toturn
428 1057 640 1132 humanum
651 1077 860 1149 genus,pro
872 1081 948 1150 quo
965 1081 1042 1136 non
1053 1055 1245 1132 dubitavit
1256 1054 1512 1128 crudelissima

150 1154 328 1250 supplicia
335 1166 372 1224 et
385 1148 660 1223 acerbissimam
673 1160 831 1222 mortem
845 1153 989 1244 pati,ut
1000 1151 1094 1225 illud
1106 1155 1152 1224 ab
1160 1153 1316 1225 interitu
1323 1151 1509 1224 liberaret.

195 1245 487 1320 Misericordiam
514 1267 620 1315 suam
639 1269 706 1340 per
729 1246 853 1316 varias
873 1247 1065 1340 parabolas
1095 1249 1203 1322 nobis
1228 1247 1443 1344 proposuit,
1466 1257 1511 1318 ut
1754 1308 1760 1330 ,

79 1425 83 1435 ⁸
195 1342 294 1432 Boni
314 1340 495 1436 pastoris,
522 1339 590 1435 qui
618 1349 805 1412 errantem
830 1339 1019 1416 oviculam
1046 1367 1113 1439 per
1134 1342 1324 1416 desertum
1351 1344 1502 1440 quaerit,
1527 1341 1592 1394 ¹⁴⁰⁰·
1619 1342 1659 1397 ¹5·
1750 1336 1757 1350 ¹

149 1438 343 1512 inventam
365 1435 534 1508 humeris
559 1435 742 1532 imponit,
765 1447 802 1507 et
824 1436 870 1508 ad
891 1436 991 1510 ovile
1016 1451 1190 1532 reportat.
1435 1523 1438 1530 ¹
1730 1445 1736 1456 '

196 1531 320 1626 Regis,
363 1531 402 1602 ui
424 1555 533 1606 servo
556 1557 626 1604 suo
644 1531 770 1604 decem
786 1531 946 1605 millium
964 1529 1191 1606 talentorum
1211 1533 1370 1605 debitori
1386 1543 1508 1606 totum
1528 1529 1627 1650 mg
1652 1528 1703 1580 ¹⁸³·

148 1625 312 1698 debitum
336 1557 496 1715 dimisit,
524 1651 610 1700 cmn
633 1626 760 1700 hicin
783 1651 904 1721 genua
926 1627 1122 1724 procidens
1144 1629 1253 1703 illum
1275 1630 1451 1724 rogasset.
1593 1611 1639 1686 =²'

132 1809 133 1814 Ἰ
161 1732 162 1739 ’
192 1721 432 1812 Samaritani,
449 1723 517 1816 qui
535 1747 621 1796 curn
641 1721 739 1797 vidit
757 1720 951 1796 hominem
977 1748 999 1794 a
1016 1722 1226 1798 latronibus
1246 1724 1508 1815 vulneratum,
1526 1729 1590 1798 Lus.
1621 1743 1662 1780 ¹⁰·

144 1817 398 1893 misericordia
423 1829 566 1910 motus,
591 1820 757 1914 alligavit
776 1817 937 1892 vulnera
959 1821 1050 1914 ejus.
1249 1861 1252 1870 ,
1437 1825 1440 1832 ’
1539 1867 1546 1878 ,
1674 1871 1677 1876 -

192 1912 280 1983 Filii
301 1911 460 2006 prodigi,
483 1918 550 2007 qui
572 1915 619 1987 ad
640 1925 785 2012 patrem
801 1939 993 2008 reversus,
1014 1917 1279 2012 benignissime
1301 1918 1348 1990 ab
1372 1942 1415 1990 eo
1432 1915 1508 1990 fuit
1526 1916 1589 1968 ¹⁴⁰0·
1613 1915 1654 1969 ¹⁵·
1771 1977 1774 1986 ,

148 2031 239 2080 exce
267 2019 339 2080 tus.
661 2031 662 2036 ¹
855 2051 857 2056 ,
1165 2064 1168 2072 ,

195 2033 299 2175 Adeo
315 2099 390 2174 fuit
405 2103 507 2176 Deus
527 2103 735 2178 misericors
754 2103 1082 2201 ergaSodomitas,
1102 2117 1164 2198 ut,
1187 2106 1217 2176 si
1241 2105 1283 2176 in
1304 2130 1436 2178 eorum
1457 2106 1510 2176 ci·
1528 2099 1721 2153 cen.1s.32..

148 2199 267 2274 vitate
293 2196 419 2268 decem
444 2202 595 2272 tantum
625 2203 745 2293 justos
771 2203 994 2290 invenisset,
1022 2202 1197 2274 omnibus
1224 2201 1458 2295 pepercisset.

196 2293 319 2366 David
336 2319 385 2365 ex
405 2294 526 2366 tribus
545 2296 668 2389 poenis
691 2320 713 2365 a
728 2297 807 2366 Deo
823 2295 894 2366 sibi
909 2294 1041 2366 oblatis
1063 2295 1171 2388 elegit
1182 2305 1347 2392 pestem,
1363 2293 1506 2366 dicens:
1530 2302 1554 2338 ¹·
1568 2285 1719 2403 ragau„

148 2389 283 2460 Melius
299 2389 394 2460 mihi
413 2402 487 2477 est,
505 2401 548 2461 ut
564 2387 728 2462 incidam
747 2391 797 2474 ,in
819 2415 954 2462 manus
973 2389 1141 2480 Domini,
1164 2388 1254 2490 quia
1275 2389 1404 2468 multae
1420 2400 1516 2462 sunt
1630 2385 1648 2404 ““

148 2484 403 2560 miserationes
427 2486 535 2582 ejus,
558 2509 672 2582 quam
694 2487 736 2556 in
763 2509 899 2560 manus
921 2484 1133 2558 hominum.

451 2683 454 2690 ι
815 2639 849 2709 tlt

596 2779 931 2868 TITULUS
987 2782 1073 2870 CL
1155 2775 1159 2786 ⁶

746 2953 912 3038 'Morbi

149 3089 236 3213 Job
264 3141 306 3209 in
327 3138 546 3206 morborum
567 3137 819 3228 plurimorum
842 3139 1032 3212 doloribus
1058 3141 1354 3230 patientissimus
1382 3163 1511 3212 exem·
1528 3141 1589 3192 ³⁰¹»
1615 3155 1641 3192 ²·
1669 3159 1693 3211 t·

149 3236 256 3333 plum
276 3229 464 3328 patientiae
477 3281 486 3318 ‚
501 3252 615 3322 quam
639 3227 769 3299 onmes
791 3229 832 3323 in
857 3233 934 3300 suis
960 3231 1104 3300 morbis
1124 3233 1261 3302 debent
1288 3231 1435 3302 habere.

166 3361 186 3404 ,’
201 3327 375 3401 Permisit
386 3325 555 3412 Deus,ut
565 3324 700 3394 Tobios
717 3324 843 3394 senior
857 3323 962 3396 fieret.
979 3349 1122 3412 coecus,
1133 3334 1177 3395 ut
1185 3324 1346 3419 posteris
1358 3323 1511 3398 daretur
1527 3339 1596 3389 rob.
1610 3354 1635 3388 α.
1650 3355 1692 3391 ια.

151 3423 368 3521 exemplum
396 3419 603 3516 patientiae,
627 3418 724 3490 sicut
743 3428 780 3487 et
803 3419 923 3489 sancti
945 3420 1026 3490 Job.
1049 3417 1180 3488 Eidem
1208 3417 1367 3500 affirmat
1388 3421 1511 3514 Ange·
1566 3419 1607 3486 ¹².·
1629 3407 1670 3456 ¹³·

149 3523 212 3596 lus
227 3523 336 3615 :quia
352 3524 524 3608 acceptus
546 3539 627 3584 eras
647 3514 747 3603 Deo,
762 3537 910 3583 necesse
926 3511 1018 3601 fnit,
1037 3523 1082 3582 ut
1103 3514 1261 3583 tentatio
1279 3511 1451 3604 probaret
1463 3527 1509 3584 te.

202 3620 248 3688 In
278 3615 410 3685 diebus
437 3608 511 3687 itlis
538 3610 732 3705 aegrotavit
755 3605 935 3678 Ezechias
963 3629 1082 3700 usque
1109 3603 1156 3674 ad
1179 3617 1354 3692 mortem,
1379 3629 1513 3702 nempe
1531 3609 1635 3679 blica·
1653 3630 1688 3668 ι..

148 3725 238 3810 post
253 3707 461 3783 mirabilem
478 3705 672 3778 victoriam
694 3703 739 3774 de
755 3701 922 3797 Assyriis
942 3700 1116 3795 relatam,
1130 3725 1179 3772 ne
1198 3697 1421 3773 miraculoso
1440 3699 1513 3774 hoc

148 3804 348 3902 triumpho
370 3802 531 3875 nimium
557 3800 811 3874 extolleretur.
1288 3816 1295 3828 ¹

203 3905 296 3974 Item
319 3903 360 3975 in
387 3898 458 3971 hac
480 3896 699 3969 infirmitate
727 3919 795 3969 sua
818 3917 856 3964 se
878 3893 1067 3968 convertit
1086 3893 1133 3964 ad
1149 3890 1375 3985 Dominum,
1399 3891 1557 3967 absol·
1581 3897 1644 3966 Rea·
1669 3915 1704 3954 π..

146 4000 248 4098 petit
277 3999 473 4070 sanitatem
493 4003 530 4064 et
552 3993 705 4064 obtinet.

209 4093 414 4188 AEgrotavit
431 4093 512 4162 Rex
528 4091 602 4161 Asa
620 4087 745 4163 dolore
766 4085 903 4186 pedum
922 4083 1271 4177 vehementissimo,
1287 4097 1324 4156 et
1342 4085 1384 4156 in
1403 4083 1511 4158 infir·
1530 4099 1554 4136 ²·
1571 4085 1723 4142 P⁸¹³¹·1⁶·-
1819 4071 1829 4096 ⁴

145 4191 285 4264 rnitate
313 4213 479 4261 sunnon
508 4186 684 4282 quaesivit
708 4184 935 4277 Dominum,
964 4180 1029 4255 sed
1062 4179 1180 4278 magis
1205 4181 1247 4254 in
1279 4179 1517 4258 medicorum.
1599 4155 1642 4208 ¹³*

147 4299 234 4360 arte
265 4284 427 4362 confisus
453 4293 508 4360 est
524 4306 532 4354 ι
551 4281 636 4358 ideo
655 4293 850 4356 mortuus..
1618 4293 1622 4298 “
