4464 5464
602 379 614 443 1
697 419 781 533 254
831 409 1101 503 leLUS
1140 403 1397 499 CXXXVII.
1434 347 1655 519 Praecepta
1686 395 1801 502 Dei,
1837 415 1908 485 etc

706 539 2037 586 ’,Μ-*ἠ

501 683 529 732 r.
550 673 614 744 neg.
638 667 678 724 as.
745 641 834 718 Saul
855 643 1046 756 signanter
1066 639 1223 734 electus,
1240 649 1393 738 propter
1413 631 1744 732 transgressionem
1758 625 1885 709 divini
1896 633 2065 716 mandati

695 741 990 816 irrevocabiliter
1011 751 1067 814 est
1093 739 1265 835 rejectus.

502 877 529 918 α.
551 861 612 918 Ριι.
638 873 680 912 22·
745 838 828 912 Rex
849 837 972 913 David
989 836 1183 912 instruens
1201 831 1436 908 Salomonem
1451 827 1575 904 filium
1594 849 1707 902 suum
1726 835 1811 926 post
1833 851 1873 902 se
1890 843 2067 927 regnatu·

697 959 803 1028 runi,
833 933 978 1008 dicebat
1002 957 1009 1004 :
1030 932 1139 1007 Tunc
1168 929 1345 1030 proficere
1369 928 1528 1028 poteris,
1554 926 1587 1000 si
1617 925 1839 1000 custodieris
1871 927 2068 1030 mandate,

665 1089 666 1102 .
698 1055 784 1130 quae
802 1030 981 1199 praecepit
997 1031 1183 1104 Dominus
1206 1026 1340 1127 Moysi.
1538 1026 1547 1042 ²

502 1171 530 1212 e.
547 1155 608 1212 Par.
626 1153 669 1207 ss.
748 1129 802 1200 Or
826 1129 956 1201 inante
970 1125 1102 1225 lojada
1114 1123 1307 1224 pontifice,
1323 1121 1539 1196 eduxerunt
1557 1119 1677 1194 tilium
1696 1107 1813 1216 regis,
1828 1132 1867 1195 et
1884 1122 2070 1234 imposue-
2179 1143 2185 1166 ·

698 1235 791 1298 runt
813 1226 848 1298 ei
870 1224 1057 1317 diadema,
1074 1221 1334 1320 dederuntque
1356 1221 1396 1294 in
1417 1244 1533 1294 manu
1548 1221 1631 1317 ejus
1652 1215 1855 1294 tenendam
1876 1217 2010 1319 legem,
2032 1237 2070 1300 et

539 1325 566 1356 ‘
700 1321 979 1395 constituerunt
1000 1347 1088 1396 eum
1110 1345 1244 1417 regem.
1723 1375 1728 1382 -

505 1465 531 1504 r.
551 1445 615 1502 md.
641 1462 667 1498 ι.
750 1417 875 1516 Cyrus
890 1445 960 1492 rex
979 1418 1176 1492 Persarum
1196 1413 1361 1512 gentilis,
1380 1411 1584 1489 Monarcha
1605 1411 1723 1486 totius
1734 1407 1888 1508 mundi,
1905 1437 1985 1491 non
2002 1443 2073 1495 vc-

699 1513 978 1590 recundabatur
998 1515 1121 1588 dicere
1140 1540 1148 1586 :
1165 1513 1345 1610 Praecepit
1362 1511 1458 1586 mihi
1479 1510 1581 1584 Deus
1600 1507 1699 1582 coeli·
1711 1519 1749 1582 et
1771 1519 1898 1604 teum,
1914 1523 1959 1588 ut
1977 1515 2071 1590 aedi·

700 1607 851 1684 ficarem
872 1614 907 1684 ei
933 1611 1087 1687 domum
1109 1614 1152 1686 in
1175 1609 1392 1683 Jerusalem.
1565 1686 1568 1695 Δ

388 1749 394 1762 ·
505 1725 602 1782 terem.
629 1722 671 1778 35.
735 1705 1025 1818 ·Oonquerendo
1050 1707 1142 1781 dicit
1167 1705 1352 1779 Dominus
1380 1730 1388 1775 ε
1415 1697 1705 1779 Praevaluerunt
1732 1720 1911 1776 semones
1942 1697 2059 1780 Jona-

701 1797 794 1893 dab,
805 1800 874 1876 filii
888 1801 1054 1896 Reohab‚
1070 1829 1164 1902 quos
1177 1802 1349 1898 praecepit
1363 1799 1451 1876 filiis
1468 1801 1564 1893 suis,
1577 1812 1711 1872 utnon
1729 1797 1894 1872 biberent
1907 1801 2066 1894 vinum,

703 1895 771 1992 qui
792 1897 1015 1972 obedierunt
1033 1910 1217 1997 praecepto
1265 1899 1356 1970 atris
1384 1897 1455 1970 sui.
1493 1899 1572 1992 Ego
1595 1906 1721 1970 autem
1742 1892 1891 1970 locutus
1914 1924 1999 1972 suut
2022 1899 2071 1972 ad

701 2016 790 2083 vos,
816 2005 853 2066 et
878 2019 956 2069 nou
985 1996 1162 2068 obedistis
1190 1923 1296 2065 mili.

505 2106 578 2164 nan.
606 2103 648 2158 ιε.
754 2089 1084 2188 Meliusjudicarit
1095 2093 1266 2164 Susanna
1276 2085 1440 2164 incidere
1455 2085 1496 2163 in
1509 2083 1873 2184 mauushominum,
1888 2117 2000 2190 quam
2013 2089 2073 2167 de·

707 2181 919 2283 relinquere
945 2185 1063 2283 legem
1090 2186 1275 2260 Domini:
1306 2210 1500 2281 exponens
1530 2185 1696 2282 periculo
1720 2186 1839 2260 vitam
1864 2202 1902 2263 et
1925 2187 2073 2263 famam.

504 2293 637 2350 suam.
658 2291 685 2346 u
755 2280 851 2356 Duae
877 2282 1053 2358 mulieres
1075 2283 1206 2357 delatae
1229 2293 1334 2376 sunt,
1355 2279 1464 2355 natos
1488 2281 1783 2378 circumcidisse,
1805 2309 1919 2380 quas,
1950 2285 2076 2359 infan-

708 2377 811 2452 tibus
838 2377 885 2452 ad
911 2379 1028 2456 ubera
1057 2380 1267 2480 suspensis,
1286 2403 1371 2452 cum
1389 2377 1537 2476 publice
1558 2404 1626 2475 per
1654 2380 1847 2456 civitatem
1872 2381 2074 2480 perduxis-

709 2485 809 2565 sent,
823 2500 891 2573 per
908 2501 1038 2552 muros
1063 2477 1404 2576 praecipitaverunt.

507 2573 619 2632 nmen.
757 2571 958 2646 Eleazarus
973 2575 1036 2648 vir
1051 2586 1159 2649 aetate
1174 2585 1392 2668 provectus,
1405 2570 1520 2646 duros
1537 2573 1702 2670 corporis
1713 2571 1858 2648 dolores
1874 2575 2075 2670 sustinuit,

709 2679 748 2742 et
770 2667 921 2742 tandem
949 2671 1093 2746 occisus
1120 2669 1214 2764 suit,
1237 2671 1328 2766 quia
1348 2693 1479 2743 carnes
1504 2672 1677 2767 porcinas
1702 2671 1822 2745 noluit
1844 2671 2076 2746 manducare

711 2779 842 2840 contra
860 2763 995 2861 legem,
1017 2793 1087 2842 nec
1113 2769 1227 2840 etiam
1254 2765 1427 2840 simulate
1457 2792 1495 2840 se
1517 2766 1729 2842 nullatenus
1761 2764 2017 2838 manducrisse.

510 2907 538 2948 2.
555 2889 645 2946 uach.
664 2908 690 2960 7.
753 2862 912 2953 Propter
925 2861 1043 2954 legem
1058 2863 1129 2934 Dei
1146 2873 1287 2956 septem
1303 2861 1438 2936 fratres
1448 2888 1535 2938 cum
1549 2877 1662 2938 mane
1677 2861 1743 2934 susi
1756 2861 1881 2956 gravia
1894 2871 2069 2932 tormen·

706 2965 748 3028 ta
793 2953 867 3024 assi
889 2965 979 3024 sunt
1002 2954 1198 3028 Antiocho.

509 3081 577 3137 nuc.
599 3093 623 3130 ι.
788 3060 935 3121 arentes
953 3047 1110 3124 loannis
1127 3049 1304 3148 Baptistae
1322 3065 1428 3129 erant
1440 3054 1652 3132 incedentes
1665 3055 1708 3129 in
1725 3049 1899 3128 omnibus
1912 3049 2084 3127 manda-

708 3147 758 3222 tis
780 3156 819 3218 et
839 3144 1170 3242 justificationibus
1193 3143 1346 3224 Domini
1368 3152 1449 3227 sine
1471 3152 1632 3250 querela.

509 3269 611 3324 metu.
634 3282 675 3335 ιο.
757 3241 994 3316 Adolescenti
1010 3246 1195 3340 quaerenti
1211 3269 1233 3318 a
1249 3245 1458 3343 salvatore,
1481 3249 1685 3348 quidboni
1709 3235 1864 3341 faceret,
1885 3258 1930 3320 ut
1955 3247 2085 3322 vitam

589 3395 593 3404 .
708 3351 887 3414 aeternam
914 3339 1092 3434 haberet,
1108 3364 1329 3438 responsum
1353 3358 1410 3420 est
1429 3348 1465 3420 ei
1490 3371 1514 3418 a
1533 3347 1698 3420 Domino
1721 3372 1729 3418 :
1751 3347 1788 3420 Si
1806 3345 1867 3419 vis
1882 3343 1930 3416 ad
1955 3345 2085 3420 vitam

709 3433 873 3533 ingredi,
896 3461 1005 3510 serva
1025 3435 1211 3530 mandata.
1777 3437 1785 3452 '

336 3570 339 3584 ·
423 3605 429 3612 ,
512 3561 539 3601 a.
560 3545 623 3617 neg.
640 3545 691 3598 ult.
756 3530 814 3607 Ad
831 3531 1110 3608 observandum
1125 3545 1308 3632 precepta
1323 3533 1494 3634 Domini,
1510 3535 2089 3632 inducantnosallaecreaturae‚

708 3655 795 3742 qnae
822 3625 1004 3702 obediunt
1035 3631 1079 3703 ei.
1110 3633 1165 3703 De
1189 3631 1299 3706 bonis
1325 3635 1466 3730 angelis
1492 3661 1572 3710 non
1607 3649 1662 3710 est
1689 3633 1868 3726 dubium,
1897 3639 1969 3731 qui
1995 3649 2091 3710 sunt

709 3723 992 3895 1rprntisprialejns
1012 3723 1191 3801 facientes
1220 3727 1457 3805 voluntatem
1487 3744 1524 3808 et
1546 3732 1707 3810 verbum
1735 3731 1854 3826 illius,
1880 3745 1924 3804 ut
1951 3731 2093 3808 videre

739 3847 779 3893 ce
854 3845 870 3891 s
909 3875 917 3892 .
955 3847 1032 3896 102.

513 3925 578 3982 Luc.
596 3925 622 3979 a.
758 3919 813 3991 De
847 3917 987 4014 augelis
1018 3947 1111 3996 vero
1151 3919 1259 3994 malis
1292 3947 1301 3993 ε
1331 3923 1568 4023 praecipiebat
1596 3911 1747 4024 spiritui
1780 3923 2018 4022 immundo,
2054 3939 2098 4002 ut

481 4049 486 4062 ·
710 4013 832 4087 exiret
847 4012 893 4084 ab
915 4013 1079 4090 homine.

511 4115 623 4237 ³,⁰¹‘,·„⁹·
668 4201 681 4220 .
760 4110 855 4183 Item
878 4113 1052 4207 praecepit
1071 4111 1146 4186 Soli
1168 4123 1205 4186 et
1223 4139 1300 4190 non
1319 4116 1441 4191 oritur
1460 4143 1469 4190 ε
1493 4117 1675 4217 Praecepit
1692 4120 1816 4196 corvis
1829 4130 1874 4192 ut
1890 4129 2103 4216 pascerent

602 4201 626 4252 ὅ·
652 4199 850 4302 ¹¹·E1iam,
872 4220 908 4278 et
939 4205 1119 4282 fecerunt.

513 4318 583 4374 rm.
608 4319 665 4392 its.
759 4303 994 4402 Deneraliter
1017 4303 1107 4380 dicit
1129 4305 1326 4384 Psalmus:
1352 4309 1584 4410 Praeceptum
1612 4313 1753 4414 posuit,
1776 4325 1814 4389 et
1832 4327 1912 4390 no'u
1937 4329 2107 4416 praeter·
