4502 5484
329 423 662 519 amotus
710 395 867 518 xvn.
902 373 1031 515 seni
1068 449 1112 514 et
1145 427 1351 513 victora
1463 425 1521 510 31v

209 651 273 725 Ex
292 660 478 748 precepto
498 647 649 723 Domini
671 635 883 746 pugnantes
904 645 974 722 filii
994 647 1108 723 Israel
1129 659 1260 722 contra
1281 646 1522 740 Madienitas,
1541 659 1622 716 Num.
1642 673 1667 711 1.
1765 717 1786 740 x

162 759 310 822 tantam
326 746 524 822 victoriam
544 743 776 838 habuerunt,
795 744 896 842 quod
917 747 1072 843 triginta
1094 743 1170 817 duo
1187 744 1306 818 millia
1329 744 1525 840 virginum

163 843 321 932 fuerunt
343 843 387 916 in
408 841 555 938 praeda,
577 853 614 913 et
635 840 824 918 tamende
895 843 984 938 pulo
1010 842 1125 915 Israel
1147 866 1225 914 non
1247 839 1422 931 fuenmt,
1448 838 1525 912 nisi
1597 933 1600 938 Ι

163 937 362 1014 duodecim
388 937 507 1011 millia
533 948 804 1035 pugnatorum,
837 866 894 1012 diiJ
912 940 1051 1037 quibus
1076 961 1146 1012 nec
1175 963 1278 1012 unus
1303 935 1458 1035 quidem
1481 935 1526 1006 in

162 1034 293 1136 praelio
317 1046 491 1108 mortuus
513 1046 579 1134 est.
1535 1106 1539 1112 .

213 1129 452 1204 Vociferante
478 1129 618 1226 populo
650 1141 688 1202 et
715 1131 973 1228 clangentibus
1005 1133 1131 1224 tubis,
1170 1133 1267 1205 sicut
1302 1129 1651 1240 praeceperamus&

165 1227 301 1316 Josue,
322 1227 428 1298 muri
451 1224 628 1300 Hiericho
655 1239 897 1319 corruerunt,
929 1241 966 1302 et
994 1230 1046 1301 sic
1073 1240 1180 1324 capta
1201 1239 1257 1299 est
1283 1227 1426 1298 emitas.

216 1319 419 1394 Occasione
441 1321 758 1419 praevaricationis
780 1323 926 1418 Achan,
944 1324 1014 1397 filii
1031 1323 1146 1395 lsrael
1168 1321 1288 1418 fugati
1308 1321 1466 1396 fuerunt
1481 1316 1528 1387 ab
1545 1327 1600 1379 ἕω·
1620 1341 1645 1394 7·
1657 1321 1730 1376 Μ·

165 1416 242 1491 illis
264 1415 311 1490 de
333 1417 484 1492 civitate
506 1419 586 1492 Hai.
609 1421 698 1490 Post
721 1420 974 1513 expiationem
1008 1418 1132 1492 autem
1149 1418 1328 1517 peccati,
1357 1415 1405 1488 ad
1432 1434 1530 1510 prae-
1594 1469 1599 1474 .

166 1524 319 1610 ceptum
338 1513 507 1608 Domini,
537 1529 644 1611 capta
664 1512 739 1589 fuit
762 1515 895 1590 civitas
921 1529 959 1590 et
986 1518 1176 1590 subversa.

216 1607 313 1682 Cum
335 1625 518 1707 pugnaret
541 1611 655 1685 Josue
681 1623 812 1684 contra
864 1615 1008 1710 uinque
1032 1638 1150 1709 reges,
1177 1613 1244 1708 qui
1272 1616 1457 1686 venerant
1484 1603 1531 1677 ad
1548 1617 1603 1669 102·
1624 1613 1666 1665 ²⁰2

166 1705 439 1782 destruendum
459 1708 700 1804 Gabaonitas,
720 1709 825 1782 misit
835 1641 1020 1784 Dominus
1043 1735 1156 1806 super
1170 1709 1254 1782 illos
1272 1706 1413 1804 lapides
1428 1727 1534 1799 mag-

167 1827 237 1876 nos
248 1800 294 1874 de
305 1803 459 1895 coelo‚et
470 1805 723 1900 multoplures
734 1805 953 1902 delapidum
963 1809 1104 1881 mortui
1115 1803 1534 1902 suntgrandine‚quam

168 1923 263 1995 quos
285 1899 435 1996 glaudio
453 1917 719 1998 percusserunt
734 1901 804 1973 filii
821 1905 945 1976 Isra'el.
958 1905 1067 1976 Tunc
1078 1904 1124 1975 ad
1146 1927 1278 1978 vocem
1302 1901 1415 1972 Josu'e
1432 1896 1536 1970 stetit

170 1994 227 2070 sol
263 2020 304 2066 er
315 1996 478 2092 spatium
489 1999 605 2072 unius
621 1997 711 2090 diei,
726 2010 772 2070 ut
782 2011 906 2092 posset
921 2000 1043 2072 delere
1059 1999 1233 2072 funditus
1244 1998 1417 2072 inimicos
1436 2020 1534 2066 suos.

254 2091 389 2164 otahile
407 2104 464 2163 est
482 2104 624 2184 autem,
644 2093 747 2188 quod
766 2093 854 2166 licet
870 2096 910 2167 in
931 2095 1177 2190 acquisitione
1194 2108 1304 2166 terrae
1324 2091 1535 2190 promissio·
1553 2095 1672 2152 niden,

170 2184 234 2253 nis
255 2179 417 2270 dicatur,
443 2185 545 2274 quod
565 2188 678 2258 Josue
700 2201 851 2259 omnem
870 2203 1008 2262 ternam
1028 2190 1253 2284 percusserit
1276 2214 1363 2262 cum
1385 2187 1535 2283 regibus

174 2273 272 2366 suia,
297 2284 334 2344 et
355 2273 457 2368 quod
483 2288 618 2366 praeter
640 2281 796 2345 Gabaon
822 2305 952 2347 omnes
980 2282 1199 2356 debellando
1230 2284 1384 2378 ceperit,
1409 2296 1538 2355 tamen

173 2367 311 2478 legitur
328 2368 398 2438 ibi:
412 2369 597 2437 Dominus
614 2379 738 2437 autem
760 2369 873 2440 Israel
893 2371 1077 2464 pugnavit
1088 2396 1156 2466 pro
1173 2399 1227 2444 ec.
1238 2377 1352 2445 Unde
1363 2376 1549 2466 quamvis.

173 2461 244 2540 fini
261 2461 376 2534 Israel
394 2459 569 2534 manibus
591 2459 741 2538 sortiter
760 2477 987 2557 pugnarent,
1013 2477 1139 2536 tamen
1161 2469 1240 2538 Deo
1262 2467 1539 2539 attribuebatur

170 2559 341 2645 ‚victoria
1151 2573 1154 2579 '
1349 2641 1351 2646 ¹

222 2655 313 2727 Post
331 2667 490 2728 mortem
506 2651 635 2746 Josue,
652 2653 721 2727 filii
739 2654 947 2728 I‘sra‘el'non
963 2653 1142 2751 leguntur
1157 2656 1272 2730 ivisse
1288 2655 1341 2728 ad'
1351 2654 1540 2754 praelium,
1558 2664 1649 2720 tutio·
1664 2683 1690 2719 r·

174 2751 251 2826 nisi
277 2753 381 2846 prius
411 2749 583 2824 consulto
609 2751 789 2841 Domino,
820 2753 876 2824 sic
901 2751 1066 2824 iverunt.
1094 2753 1142 2825 Et
1168 2751 1323 2826 tradidit
1353 2753 1539 2826 Dominus
1577 2792 1581 2802 ·

176 2847 434 2921 Chananaeum
465 2859 502 2919 et
524 2845 768 2920 Pherezaeum
787 2848 830 2921 in
848 2873 984 2920 manus
1011 2873 1151 2920 eorum.

227 2943 364 3017 Multas
387 2956 515 3042 gentes
543 2941 686 3016 dimisit
704 2943 891 3016 Dominus
915 2945 1016 3018 inter
1037 2943 1134 3016 filios
1156 2943 1287 3038 israeli,
1307 2957 1352 3019 ut
1378 2943 1544 3018 erudiret
1561 2957 1648 3012 Judic.
1666 2957 1693 3010 3.

177 3043 220 3120 in
238 3041 291 3113 eis
307 3042 497 3132 lsraelem,
519 3051 556 3112 et
576 3060 706 3113 omnes
726 3040 888 3135 quinon
906 3041 1090 3114 noverant
1109 3040 1206 3113 bella
1228 3031 1545 3132 Chanauoeo'rum,

181 3151 220 3208 et
241 3137 427 3210 discerent
447 3129 518 3208 filii
540 3161 672 3210 eorum
694 3147 835 3212 certare
856 3161 944 3209 cum
963 3135 1154 3230 hostibus,
1170 3147 1208 3210 et
1229 3135 1367 3210 habere
1387 3161 1547 3215 consue-

180 3229 353 3304 tudinem
378 3230 583 3324 praeliandi.
797 3313 799 3320 ,
1552 3245 1555 3256 ’

233 3325 437 3398 Suscitavit
457 3327 646 3399 Dominus
661 3326 779 3399 Israel¹
799 3327 1039 3423 salvatorem,
1061 3329 1220 3402 nomine
1230 3327 1362 3418 thud,
1378 3329 1445 3424 qui
1466 3353 1547 3423 per
1563 3334 1691 3392 niden..
1772 3397 1773 3401 ,

185 3420 302 3496 cussit
316 3416 437 3514 Eglon
463 3443 587 3512 regem
611 3421 731 3492 Moab.
753 3423 1110 3520 Descenderuntque
1136 3449 1224 3496 cum
1251 3451 1295 3496 eo
1322 3424 1401 3494 filii·
1417 3424 1558 3515 Israel,

81 3559 86 3567 =
186 3521 201 3592 i
227 3543 268 3592 so
293 3517 335 3588 in
366 3514 492 3587 fronte
517 3512 726 3607 gradiente,
750 3517 817 3610 qui
839 3516 939 3588 dixit
963 3519 1009 3589 ad
1037 3543 1124 3614 eos:
1144 3519 1353 3613 Sequimini
1372 3543 1454 3607 me,
1473 3531 1556 3590 tra-.

217 3613 284 3685 'dit
306 3611 407 3682 enim
434 3609 620 3682 Dominus
642 3607 813 3680 inimicos
834 3622 981 3683 nostros
997 3614 1039 3684 in
1060 3636 1195 3684 manus
1222 3624 1380 3694 nostras·
1402 3615 1451 3684 Et
1467 3639 1560 3710 per--

188 3719 399 3800 euaserunt,
413 3705 460 3778 de
485 3705 657 3777 Moabitis
684 3704 831 3777 circiter
852 3704 980 3778 decem
1008 3705 1135 3780 millia.
1261 3793 1264 3799 ι

239 3805 347 3876 Dixit
366 3803 513 3876 Debora
540 3799 586 3874 ad
606 3798 767 3872 Barach:
792 3803 925 3896 Surge,
944 3802 1028 3874 heco
1043 3813 1099 3876 est
1121 3803 1217 3894 dies,
1236 3803 1286 3876 in»
1299 3827 1374 3900 qua
1395 3803 1549 3881 tradidit
1567 3815 1714 3890 ssent„

190 3900 375 3974 Dominus
394 3900 554 3973 Sisaram
573 3899 614 3970 in
630 3920 766 3968 manus
783 3908 876 3970 tuas.
893 3899 1174 3996 Perterruitque
1188 3901 1373 3974 Dominus
1389 3902 1552 3977 Sisaram

192 4007 230 4068 et
249 4021 378 4070 omnes
397 4020 540 4069 currus
554 3997 654 4090 ejus,
680 3993 734 4066 ita
755 4005 799 4066 ut
814 3996 937 4069 omnis
953 3994 1122 4070 hostium
1141 3995 1346 4073 multitudo
1360 4023 1484 4096 usque
1503 3997 1560 4072 ad·

191 4093 487 4173 internecronem
509 4091 666 4164 caderet.
768 4107 772 4115 '
927 4129 931 4134 ·

154 4269 159 4278 ,
245 4195 287 4260 In
305 4189 479 4261 trecentis
497 4187 612 4279 viris,
629 4187 695 4284 qui
713 4211 829 4259 manu
848 4186 896 4260 ad
916 4214 959 4262 os
973 4190 1210 4286 projicientes
1226 4213 1341 4286 aquus
1357 4190 1718 4281 biberanffludse-a·

194 4283 372 4358 liberavit
390 4283 573 4358 Dominus
591 4281 719 4374 lereti,
734 4282 781 4354 de
793 4305 908 4364 manu
926 4285 1132 4360 Madian-et
1154 4284 1568 4385 rimdechffluierunt,
1836 4291 1839 4296 ’

195 4379 239 4462 '111
256 4381 426 4458 maxime
446 4378 689 4458 multitudine
715 4390 882 4484 tempore
906 4380 1116 4466 cedeonis..
1546 4411 1555 4432 ·
