<?xml version="1.0" encoding="UTF-8"?>
<!DOCTYPE html PUBLIC "-//W3C//DTD XHTML 1.0 Transitional//EN"
    "http://www.w3.org/TR/xhtml1/DTD/xhtml1-transitional.dtd">
<html xmlns="http://www.w3.org/1999/xhtml" xml:lang="en" lang="en">
 <head>
  <title>
</title>
<meta http-equiv="Content-Type" content="text/html;charset=utf-8" />
  <meta name='ocr-system' content='tesseract 3.04.00' />
  <meta name='ocr-capabilities' content='ocr_page ocr_carea ocr_par ocr_line ocrx_word'/>
</head>
<body>
  <div class='ocr_page' id='page_1' title='image "./exemplabiblicai00hanagoog_0134.png"; bbox 0 0 4310 5472; ppageno 0'>
   <div class='ocr_carea' id='block_1_1' title="bbox 318 399 1392 558">
    <p class='ocr_par' dir='ltr' id='par_1_1' title="bbox 318 389 1392 558">
     <span class='ocr_line' id='line_1_1' title="bbox 318 399 1392 558; baseline 0.009 -34"><span class='ocrx_word' id='word_1_1' title='bbox 318 399 582 528; x_wconf 77' lang='lat' dir='ltr'><strong>unctus</strong></span> <span class='ocrx_word' id='word_1_2' title='bbox 619 439 756 528; x_wconf 70' lang='lat' dir='ltr'><strong>exv.</strong></span> <span class='ocrx_word' id='word_1_3' title='bbox 800 433 1054 527; x_wconf 65' lang='lat' dir='ltr'><strong>Humanas·</strong></span> <span class='ocrx_word' id='word_1_4' title='bbox 1303 459 1392 558; x_wconf 62' lang='lat' dir='ltr'><strong>aa</strong></span> 
     </span>
    </p>
   </div>
   <div class='ocr_carea' id='block_1_2' title="bbox 37 657 1586 2048">
    <p class='ocr_par' dir='ltr' id='par_1_2' title="bbox 38 657 1391 940">
     <span class='ocr_line' id='line_1_2' title="bbox 42 657 1389 753; baseline -0.001 -24"><span class='ocrx_word' id='word_1_5' title='bbox 42 658 187 746; x_wconf 87' lang='lat' dir='ltr'><strong>suerat,</strong></span> <span class='ocrx_word' id='word_1_6' title='bbox 213 667 305 728; x_wconf 87' lang='lat' dir='ltr'><strong>tunc</strong></span> <span class='ocrx_word' id='word_1_7' title='bbox 329 657 496 732; x_wconf 86' lang='lat' dir='ltr'><strong>divinam</strong></span> <span class='ocrx_word' id='word_1_8' title='bbox 519 657 793 734; x_wconf 83' lang='lat' dir='ltr'><strong>commendarit</strong></span> <span class='ocrx_word' id='word_1_9' title='bbox 815 658 1105 732; x_wconf 86' lang='lat' dir='ltr'><strong>misericordiam</strong></span> <span class='ocrx_word' id='word_1_10' title='bbox 1124 670 1162 730; x_wconf 91' lang='lat' dir='ltr'><strong>et</strong></span> <span class='ocrx_word' id='word_1_11' title='bbox 1183 657 1389 753; x_wconf 88' lang='lat' dir='ltr'><strong>potentiam</strong></span> 
     </span>
     <span class='ocr_line' id='line_1_3' title="bbox 39 749 1391 849; baseline -0.001 -25"><span class='ocrx_word' id='word_1_12' title='bbox 39 751 185 840; x_wconf 81' lang='lat' dir='ltr'><strong>Maria,</strong></span> <span class='ocrx_word' id='word_1_13' title='bbox 207 749 332 825; x_wconf 86' lang='lat' dir='ltr'><strong>diceus</strong></span> <span class='ocrx_word' id='word_1_14' title='bbox 356 755 593 849; x_wconf 89' lang='lat' dir='ltr'><strong>:Magnificat</strong></span> <span class='ocrx_word' id='word_1_15' title='bbox 614 756 739 826; x_wconf 85' lang='lat' dir='ltr'><strong>anima</strong></span> <span class='ocrx_word' id='word_1_16' title='bbox 765 777 848 826; x_wconf 92' lang='lat' dir='ltr'><strong>mea</strong></span> <span class='ocrx_word' id='word_1_17' title='bbox 867 754 1081 826; x_wconf 90' lang='lat' dir='ltr'><strong>Dominum.</strong></span> <span class='ocrx_word' id='word_1_18' title='bbox 1105 751 1203 843; x_wconf 87' lang='lat' dir='ltr'><strong>Quia</strong></span> <span class='ocrx_word' id='word_1_19' title='bbox 1224 750 1391 846; x_wconf 86' lang='lat' dir='ltr'><strong>respexit</strong></span> 
     </span>
     <span class='ocr_line' id='line_1_4' title="bbox 38 844 933 940; baseline 0.003 -24"><span class='ocrx_word' id='word_1_20' title='bbox 38 844 295 918; x_wconf 82' lang='lat' dir='ltr'>humilitatem</span> <span class='ocrx_word' id='word_1_21' title='bbox 320 847 464 918; x_wconf 88' lang='lat' dir='ltr'><strong>ancillas</strong></span> <span class='ocrx_word' id='word_1_22' title='bbox 492 873 586 940; x_wconf 86' lang='lat' dir='ltr'><strong>suae,</strong></span> <span class='ocrx_word' id='word_1_23' title='bbox 610 861 678 920; x_wconf 90' lang='lat' dir='ltr'><strong>eto.</strong></span> <span class='ocrx_word' id='word_1_24' title='bbox 931 903 933 910; x_wconf 86' lang='lat'><em>.</em></span> 
     </span>
    </p>

    <p class='ocr_par' dir='ltr' id='par_1_3' title="bbox 37 939 1562 1200">
     <span class='ocr_line' id='line_1_5' title="bbox 87 939 1562 1036; baseline 0.001 -26"><span class='ocrx_word' id='word_1_25' title='bbox 87 939 294 1012; x_wconf 86' lang='lat' dir='ltr'><strong>Humiliter</strong></span> <span class='ocrx_word' id='word_1_26' title='bbox 313 954 350 1012; x_wconf 89' lang='lat' dir='ltr'><strong>et</strong></span> <span class='ocrx_word' id='word_1_27' title='bbox 372 939 531 1012; x_wconf 88' lang='lat' dir='ltr'><strong>fideliter</strong></span> <span class='ocrx_word' id='word_1_28' title='bbox 555 939 745 1036; x_wconf 87' lang='lat' dir='ltr'><strong>respondit</strong></span> <span class='ocrx_word' id='word_1_29' title='bbox 767 940 946 1036; x_wconf 75' lang='lat' dir='ltr'><strong>Centurio</strong></span> <span class='ocrx_word' id='word_1_30' title='bbox 971 941 1101 1014; x_wconf 88' lang='lat' dir='ltr'><strong>dicens</strong></span> <span class='ocrx_word' id='word_1_31' title='bbox 1119 943 1299 1031; x_wconf 93' lang='lat' dir='ltr'><strong>Domino,</strong></span> <span class='ocrx_word' id='word_1_32' title='bbox 1322 964 1392 1013; x_wconf 89' lang='lat' dir='ltr'><strong>vo·</strong></span> <span class='ocrx_word' id='word_1_33' title='bbox 1410 942 1513 998; x_wconf 73' lang='lat' dir='ltr'><strong>natu.</strong></span> <span class='ocrx_word' id='word_1_34' title='bbox 1526 943 1562 994; x_wconf 61' lang='grc' dir='ltr'><strong>δ’·</strong></span> 
     </span>
     <span class='ocr_line' id='line_1_6' title="bbox 39 1032 1460 1130; baseline 0.002 -27"><span class='ocrx_word' id='word_1_35' title='bbox 39 1032 138 1104; x_wconf 89' lang='lat' dir='ltr'><strong>lenti</strong></span> <span class='ocrx_word' id='word_1_36' title='bbox 159 1036 213 1106; x_wconf 92' lang='lat' dir='ltr'><strong>ire</strong></span> <span class='ocrx_word' id='word_1_37' title='bbox 236 1034 283 1105; x_wconf 90' lang='lat' dir='ltr'><strong>ad</strong></span> <span class='ocrx_word' id='word_1_38' title='bbox 305 1033 514 1105; x_wconf 88' lang='lat' dir='ltr'><strong>sanandum</strong></span> <span class='ocrx_word' id='word_1_39' title='bbox 534 1060 716 1129; x_wconf 85' lang='lat' dir='ltr'><strong>puerum,</strong></span> <span class='ocrx_word' id='word_1_40' title='bbox 732 1047 799 1106; x_wconf 79' lang='lat' dir='ltr'><strong>etc.</strong></span> <span class='ocrx_word' id='word_1_41' title='bbox 820 1059 828 1102; x_wconf 91' lang='lat'><strong>:</strong></span> <span class='ocrx_word' id='word_1_42' title='bbox 853 1036 1122 1128; x_wconf 87' lang='lat' dir='ltr'><strong>Domine,non</strong></span> <span class='ocrx_word' id='word_1_43' title='bbox 1138 1063 1222 1108; x_wconf 92' lang='lat' dir='ltr'><strong>sum</strong></span> <span class='ocrx_word' id='word_1_44' title='bbox 1239 1035 1390 1130; x_wconf 90' lang='lat' dir='ltr'><strong>dignus,</strong></span> <span class='ocrx_word' id='word_1_45' title='bbox 1447 1083 1460 1090; x_wconf 82' lang='grc'><strong>-</strong></span> 
     </span>
     <span class='ocr_line' id='line_1_7' title="bbox 37 1127 646 1200; baseline 0 -2"><span class='ocrx_word' id='word_1_46' title='bbox 37 1139 84 1199; x_wconf 90' lang='lat' dir='ltr'><strong>ut</strong></span> <span class='ocrx_word' id='word_1_47' title='bbox 113 1127 232 1198; x_wconf 81' lang='lat' dir='ltr'><strong>intres</strong></span> <span class='ocrx_word' id='word_1_48' title='bbox 254 1127 488 1200; x_wconf 91' lang='lat' dir='ltr'><strong>subtectum</strong></span> <span class='ocrx_word' id='word_1_49' title='bbox 509 1154 646 1200; x_wconf 74' lang='lat' dir='ltr'><strong>mermi.</strong></span> 
     </span>
    </p>

    <p class='ocr_par' dir='ltr' id='par_1_4' title="bbox 43 1219 1533 1412">
     <span class='ocr_line' id='line_1_8' title="bbox 89 1219 1533 1317; baseline 0.002 -30"><span class='ocrx_word' id='word_1_50' title='bbox 89 1219 237 1290; x_wconf 85' lang='lat' dir='ltr'><strong>Videas</strong></span> <span class='ocrx_word' id='word_1_51' title='bbox 261 1221 413 1311; x_wconf 87' lang='lat' dir='ltr'><strong>Petrus,</strong></span> <span class='ocrx_word' id='word_1_52' title='bbox 430 1245 468 1292; x_wconf 89' lang='lat' dir='ltr'><strong>se</strong></span> <span class='ocrx_word' id='word_1_53' title='bbox 488 1221 534 1292; x_wconf 89' lang='lat' dir='ltr'><strong>ad</strong></span> <span class='ocrx_word' id='word_1_54' title='bbox 551 1224 782 1317; x_wconf 71' lang='lat' dir='ltr'><strong>Praeceptum</strong></span> <span class='ocrx_word' id='word_1_55' title='bbox 802 1221 955 1292; x_wconf 91' lang='lat' dir='ltr'><strong>Domini</strong></span> <span class='ocrx_word' id='word_1_56' title='bbox 973 1219 1202 1292; x_wconf 89' lang='lat' dir='ltr'><strong>concludisse</strong></span> <span class='ocrx_word' id='word_1_57' title='bbox 1225 1220 1476 1293; x_wconf 67' lang='lat' dir='ltr'><strong>multitu-suc-</strong></span> <span class='ocrx_word' id='word_1_58' title='bbox 1500 1225 1533 1281; x_wconf 58' lang='lat' dir='ltr'><strong>a,</strong></span> 
     </span>
     <span class='ocr_line' id='line_1_9' title="bbox 43 1313 1500 1412; baseline 0 -28"><span class='ocrx_word' id='word_1_59' title='bbox 43 1313 176 1384; x_wconf 89' lang='lat' dir='ltr'><strong>dinem</strong></span> <span class='ocrx_word' id='word_1_60' title='bbox 199 1313 358 1407; x_wconf 90' lang='lat' dir='ltr'><strong>piscium</strong></span> <span class='ocrx_word' id='word_1_61' title='bbox 377 1315 582 1409; x_wconf 84' lang='lat' dir='ltr'><strong>copiosam,</strong></span> <span class='ocrx_word' id='word_1_62' title='bbox 603 1315 761 1412; x_wconf 87' lang='lat' dir='ltr'><strong>procidit</strong></span> <span class='ocrx_word' id='word_1_63' title='bbox 792 1315 842 1387; x_wconf 90' lang='lat' dir='ltr'><strong>ad</strong></span> <span class='ocrx_word' id='word_1_64' title='bbox 860 1340 982 1410; x_wconf 90' lang='lat' dir='ltr'><strong>genua</strong></span> <span class='ocrx_word' id='word_1_65' title='bbox 1002 1317 1102 1411; x_wconf 90' lang='lat' dir='ltr'><strong>ejus,</strong></span> <span class='ocrx_word' id='word_1_66' title='bbox 1129 1315 1256 1388; x_wconf 87' lang='lat' dir='ltr'><strong>dicens</strong></span> <span class='ocrx_word' id='word_1_67' title='bbox 1280 1340 1288 1384; x_wconf 74' lang='grc' dir='ltr'>ε</span> <span class='ocrx_word' id='word_1_68' title='bbox 1318 1317 1395 1386; x_wconf 74' lang='lat' dir='ltr'><strong>Exi</strong></span> <span class='ocrx_word' id='word_1_69' title='bbox 1497 1377 1500 1384; x_wconf 94' lang='lat'><em>.</em></span> 
     </span>
    </p>

    <p class='ocr_par' dir='ltr' id='par_1_5' title="bbox 44 1407 906 1502">
     <span class='ocr_line' id='line_1_10' title="bbox 44 1407 906 1502; baseline 0.003 -26"><span class='ocrx_word' id='word_1_70' title='bbox 44 1431 68 1476; x_wconf 90' lang='lat' dir='ltr'><strong>a</strong></span> <span class='ocrx_word' id='word_1_71' title='bbox 90 1431 171 1495; x_wconf 90' lang='lat' dir='ltr'><strong>me,</strong></span> <span class='ocrx_word' id='word_1_72' title='bbox 188 1408 278 1500; x_wconf 90' lang='lat' dir='ltr'><strong>quia</strong></span> <span class='ocrx_word' id='word_1_73' title='bbox 292 1407 406 1479; x_wconf 91' lang='lat' dir='ltr'><strong>homo</strong></span> <span class='ocrx_word' id='word_1_74' title='bbox 425 1423 593 1502; x_wconf 88' lang='lat' dir='ltr'><strong>peccator</strong></span> <span class='ocrx_word' id='word_1_75' title='bbox 611 1437 717 1500; x_wconf 92' lang='lat' dir='ltr'><strong>sum,</strong></span> <span class='ocrx_word' id='word_1_76' title='bbox 738 1411 906 1482; x_wconf 87' lang='lat' dir='ltr'><strong>Domine.</strong></span> 
     </span>
    </p>

    <p class='ocr_par' dir='ltr' id='par_1_6' title="bbox 43 1499 1566 1878">
     <span class='ocr_line' id='line_1_11' title="bbox 96 1499 1566 1598; baseline -0.007 -28"><span class='ocrx_word' id='word_1_77' title='bbox 96 1499 266 1572; x_wconf 83' lang='lat' dir='ltr'><strong>Salvator</strong></span> <span class='ocrx_word' id='word_1_78' title='bbox 285 1515 414 1574; x_wconf 87' lang='lat' dir='ltr'><strong>noster</strong></span> <span class='ocrx_word' id='word_1_79' title='bbox 434 1504 623 1598; x_wconf 79' lang='lat' dir='ltr'><strong>publicare</strong></span> <span class='ocrx_word' id='word_1_80' title='bbox 644 1505 823 1577; x_wconf 87' lang='lat' dir='ltr'><strong>miracula</strong></span> <span class='ocrx_word' id='word_1_81' title='bbox 845 1529 912 1577; x_wconf 89' lang='lat' dir='ltr'><strong>sua</strong></span> <span class='ocrx_word' id='word_1_82' title='bbox 960 1502 1173 1593; x_wconf 88' lang='lat' dir='ltr'><strong>rohibebat,</strong></span> <span class='ocrx_word' id='word_1_83' title='bbox 1199 1514 1243 1574; x_wconf 90' lang='lat' dir='ltr'><strong>ut</strong></span> <span class='ocrx_word' id='word_1_84' title='bbox 1267 1502 1396 1596; x_wconf 87' lang='lat' dir='ltr'><strong>sugere</strong></span> <span class='ocrx_word' id='word_1_85' title='bbox 1414 1510 1511 1565; x_wconf 73' lang='lat' dir='ltr'><strong>naath.</strong></span> <span class='ocrx_word' id='word_1_86' title='bbox 1531 1508 1566 1559; x_wconf 86' lang='lat' dir='ltr'><strong>s..</strong></span> 
     </span>
     <span class='ocr_line' id='line_1_12' title="bbox 45 1529 1395 1690; baseline 0.002 -26"><span class='ocrx_word' id='word_1_87' title='bbox 45 1594 195 1664; x_wconf 88' lang='lat' dir='ltr'><strong>doceret</strong></span> <span class='ocrx_word' id='word_1_88' title='bbox 215 1596 402 1690; x_wconf 78' lang='lat' dir='ltr'><strong>jactantiae</strong></span> <span class='ocrx_word' id='word_1_89' title='bbox 437 1609 473 1670; x_wconf 90' lang='lat' dir='ltr'><strong>et</strong></span> <span class='ocrx_word' id='word_1_90' title='bbox 499 1599 677 1672; x_wconf 83' lang='lat' dir='ltr'><strong>vanitatis</strong></span> <span class='ocrx_word' id='word_1_91' title='bbox 700 1599 861 1688; x_wconf 79' lang='lat' dir='ltr'><strong>vitium,</strong></span> <span class='ocrx_word' id='word_1_92' title='bbox 883 1612 919 1671; x_wconf 91' lang='lat' dir='ltr'><strong>et</strong></span> <span class='ocrx_word' id='word_1_93' title='bbox 935 1529 1041 1668; x_wconf 78' lang='lat' dir='ltr'><strong>daret</strong></span> <span class='ocrx_word' id='word_1_94' title='bbox 1054 1621 1154 1669; x_wconf 80' lang='lat' dir='ltr'><strong>verae</strong></span> <span class='ocrx_word' id='word_1_95' title='bbox 1170 1595 1395 1669; x_wconf 89' lang='lat' dir='ltr'><strong>humilitatis</strong></span> 
     </span>
     <span class='ocr_line' id='line_1_13' title="bbox 45 1687 1406 1795; baseline 0.003 -37"><span class='ocrx_word' id='word_1_96' title='bbox 45 1687 273 1795; x_wconf 85' lang='lat' dir='ltr'><strong>exemplum.</strong></span> <span class='ocrx_word' id='word_1_97' title='bbox 296 1691 400 1765; x_wconf 91' lang='lat' dir='ltr'><strong>Sicut</strong></span> <span class='ocrx_word' id='word_1_98' title='bbox 415 1704 517 1787; x_wconf 85' lang='lat' dir='ltr'><strong>patet</strong></span> <span class='ocrx_word' id='word_1_99' title='bbox 538 1696 580 1765; x_wconf 91' lang='lat' dir='ltr'><strong>in</strong></span> <span class='ocrx_word' id='word_1_100' title='bbox 605 1694 751 1791; x_wconf 90' lang='lat' dir='ltr'><strong>leproso</strong></span> <span class='ocrx_word' id='word_1_101' title='bbox 778 1693 987 1765; x_wconf 91' lang='lat' dir='ltr'><strong>mundato:</strong></span> <span class='ocrx_word' id='word_1_102' title='bbox 1013 1693 1063 1762; x_wconf 89' lang='lat' dir='ltr'><strong>Et</strong></span> <span class='ocrx_word' id='word_1_103' title='bbox 1084 1693 1125 1762; x_wconf 90' lang='lat' dir='ltr'><strong>in</strong></span> <span class='ocrx_word' id='word_1_104' title='bbox 1148 1692 1257 1762; x_wconf 90' lang='lat' dir='ltr'><strong>coecis</strong></span> <span class='ocrx_word' id='word_1_105' title='bbox 1283 1692 1330 1762; x_wconf 88' lang='lat' dir='ltr'><strong>ab</strong></span> <span class='ocrx_word' id='word_1_106' title='bbox 1352 1715 1406 1762; x_wconf 90' lang='lat' dir='ltr'><strong>eo·</strong></span> 
     </span>
     <span class='ocr_line' id='line_1_14' title="bbox 43 1781 1393 1878; baseline 0.001 -26"><span class='ocrx_word' id='word_1_107' title='bbox 43 1781 268 1854; x_wconf 88' lang='lat' dir='ltr'><strong>illummatis</strong></span> <span class='ocrx_word' id='word_1_108' title='bbox 291 1809 300 1853; x_wconf 92' lang='lat'><strong>:</strong></span> <span class='ocrx_word' id='word_1_109' title='bbox 323 1787 416 1857; x_wconf 89' lang='lat' dir='ltr'><strong>ltem</strong></span> <span class='ocrx_word' id='word_1_110' title='bbox 442 1789 484 1860; x_wconf 89' lang='lat' dir='ltr'><strong>in</strong></span> <span class='ocrx_word' id='word_1_111' title='bbox 518 1787 632 1860; x_wconf 84' lang='lat' dir='ltr'><strong>surdo</strong></span> <span class='ocrx_word' id='word_1_112' title='bbox 664 1801 701 1861; x_wconf 92' lang='lat' dir='ltr'><strong>et</strong></span> <span class='ocrx_word' id='word_1_113' title='bbox 723 1800 828 1860; x_wconf 91' lang='lat' dir='ltr'><strong>muto</strong></span> <span class='ocrx_word' id='word_1_114' title='bbox 851 1800 1003 1875; x_wconf 87' lang='lat' dir='ltr'><strong>sanato,</strong></span> <span class='ocrx_word' id='word_1_115' title='bbox 1034 1785 1202 1857; x_wconf 76' lang='lat' dir='ltr'><strong>Matthaei</strong></span> <span class='ocrx_word' id='word_1_116' title='bbox 1228 1786 1393 1878; x_wconf 91' lang='lat' dir='ltr'><strong>septimo.</strong></span> 
     </span>
    </p>

    <p class='ocr_par' dir='ltr' id='par_1_7' title="bbox 44 1877 1474 1974">
     <span class='ocr_line' id='line_1_15' title="bbox 44 1877 1474 1974; baseline 0.004 -30"><span class='ocrx_word' id='word_1_117' title='bbox 44 1877 98 1944; x_wconf 89' lang='lat' dir='ltr'><strong>Et</strong></span> <span class='ocrx_word' id='word_1_118' title='bbox 127 1877 168 1945; x_wconf 90' lang='lat' dir='ltr'><strong>in</strong></span> <span class='ocrx_word' id='word_1_119' title='bbox 194 1901 261 1948; x_wconf 90' lang='lat' dir='ltr'><strong>sua</strong></span> <span class='ocrx_word' id='word_1_120' title='bbox 280 1879 606 1974; x_wconf 87' lang='lat' dir='ltr'><strong>transfiguratione</strong></span> <span class='ocrx_word' id='word_1_121' title='bbox 630 1881 755 1954; x_wconf 82' lang='lat' dir='ltr'><strong>dixit:</strong></span> <span class='ocrx_word' id='word_1_122' title='bbox 783 1880 933 1952; x_wconf 84' lang='lat' dir='ltr'><strong>Nemini</strong></span> <span class='ocrx_word' id='word_1_123' title='bbox 962 1880 1134 1951; x_wconf 87' lang='lat' dir='ltr'><strong>dixeritis</strong></span> <span class='ocrx_word' id='word_1_124' title='bbox 1164 1880 1359 1953; x_wconf 74' lang='lat' dir='ltr'><strong>visionem.</strong></span> <span class='ocrx_word' id='word_1_125' title='bbox 1473 1957 1474 1960; x_wconf 8' lang='grc' dir='ltr'><strong>Ἴ</strong></span> 
     </span>
    </p>

    <p class='ocr_par' dir='ltr' id='par_1_8' title="bbox 99 1965 1586 2048">
     <span class='ocr_line' id='line_1_16' title="bbox 99 1965 1586 2048; baseline 0.007 -10"><span class='ocrx_word' id='word_1_126' title='bbox 99 1967 195 2038; x_wconf 88' lang='lat' dir='ltr'><strong>Cum</strong></span> <span class='ocrx_word' id='word_1_127' title='bbox 217 1965 375 2044; x_wconf 84' lang='lat' dir='ltr'><strong>dixisset</strong></span> <span class='ocrx_word' id='word_1_128' title='bbox 396 1976 580 2047; x_wconf 86' lang='lat' dir='ltr'><strong>Dominus</strong></span> <span class='ocrx_word' id='word_1_129' title='bbox 600 1976 750 2046; x_wconf 85' lang='lat' dir='ltr'><strong>mulieri</strong></span> <span class='ocrx_word' id='word_1_130' title='bbox 776 1973 995 2046; x_wconf 77' lang='lat' dir='ltr'><strong>Chananaeas</strong></span> <span class='ocrx_word' id='word_1_131' title='bbox 1018 1998 1025 2040; x_wconf 93' lang='lat'>:</span> <span class='ocrx_word' id='word_1_132' title='bbox 1061 1973 1144 2042; x_wconf 89' lang='lat' dir='ltr'><strong>Non</strong></span> <span class='ocrx_word' id='word_1_133' title='bbox 1175 1985 1231 2043; x_wconf 86' lang='lat' dir='ltr'><strong>est</strong></span> <span class='ocrx_word' id='word_1_134' title='bbox 1254 1973 1397 2043; x_wconf 90' lang='lat' dir='ltr'><strong>bonum</strong></span> <span class='ocrx_word' id='word_1_135' title='bbox 1416 1984 1513 2034; x_wconf 71' lang='lat' dir='ltr'><strong>natu.</strong></span> <span class='ocrx_word' id='word_1_136' title='bbox 1536 1998 1586 2048; x_wconf 71' lang='lat' dir='ltr'><strong>ra·</strong></span> 
     </span>
    </p>
   </div>
   <div class='ocr_carea' id='block_1_3' title="bbox 48 2065 1587 2246">
    <p class='ocr_par' dir='ltr' id='par_1_9' title="bbox 48 2065 1587 2246">
     <span class='ocr_line' id='line_1_17' title="bbox 49 2065 1587 2161; baseline -0.001 -31"><span class='ocrx_word' id='word_1_137' title='bbox 49 2085 199 2132; x_wconf 88' lang='lat' dir='ltr'><strong>sumere</strong></span> <span class='ocrx_word' id='word_1_138' title='bbox 219 2090 354 2157; x_wconf 88' lang='lat' dir='ltr'><strong>panem</strong></span> <span class='ocrx_word' id='word_1_139' title='bbox 385 2066 572 2157; x_wconf 88' lang='lat' dir='ltr'><strong>filiorum,</strong></span> <span class='ocrx_word' id='word_1_140' title='bbox 589 2081 629 2161; x_wconf 76' lang='lat' dir='ltr'><strong>et</strong></span> <span class='ocrx_word' id='word_1_141' title='bbox 655 2071 803 2140; x_wconf 88' lang='lat' dir='ltr'><strong>mittere</strong></span> <span class='ocrx_word' id='word_1_142' title='bbox 821 2068 1001 2138; x_wconf 87' lang='lat' dir='ltr'><strong>canibus:</strong></span> <span class='ocrx_word' id='word_1_143' title='bbox 1029 2065 1098 2136; x_wconf 89' lang='lat' dir='ltr'><strong>Illa</strong></span> <span class='ocrx_word' id='word_1_144' title='bbox 1121 2065 1257 2136; x_wconf 88' lang='lat' dir='ltr'><strong>mulier</strong></span> <span class='ocrx_word' id='word_1_145' title='bbox 1277 2065 1376 2138; x_wconf 81' lang='lat' dir='ltr'><strong>dixit</strong></span> <span class='ocrx_word' id='word_1_146' title='bbox 1388 2089 1405 2132; x_wconf 75' lang='grc' dir='ltr'><strong>ε·</strong></span> <span class='ocrx_word' id='word_1_147' title='bbox 1417 2080 1514 2130; x_wconf 75' lang='lat' dir='ltr'><strong>mita.</strong></span> <span class='ocrx_word' id='word_1_148' title='bbox 1533 2077 1587 2128; x_wconf 79' lang='lat'>15.-</span> 
     </span>
     <span class='ocr_line' id='line_1_18' title="bbox 48 2155 822 2246; baseline 0.005 -23"><span class='ocrx_word' id='word_1_149' title='bbox 48 2155 177 2223; x_wconf 91' lang='lat' dir='ltr'><strong>Etiam</strong></span> <span class='ocrx_word' id='word_1_150' title='bbox 198 2159 386 2246; x_wconf 89' lang='lat' dir='ltr'><strong>Domine,</strong></span> <span class='ocrx_word' id='word_1_151' title='bbox 414 2183 503 2226; x_wconf 88' lang='lat' dir='ltr'><strong>nam</strong></span> <span class='ocrx_word' id='word_1_152' title='bbox 524 2175 562 2230; x_wconf 91' lang='lat' dir='ltr'><strong>et</strong></span> <span class='ocrx_word' id='word_1_153' title='bbox 586 2161 730 2246; x_wconf 89' lang='lat' dir='ltr'><strong>catelli,</strong></span> <span class='ocrx_word' id='word_1_154' title='bbox 755 2173 822 2230; x_wconf 89' lang='lat' dir='ltr'><strong>etc.</strong></span> 
     </span>
    </p>
   </div>
   <div class='ocr_carea' id='block_1_4' title="bbox 19 2245 1602 4315">
    <p class='ocr_par' dir='ltr' id='par_1_10' title="bbox 19 2245 1602 4315">
     <span class='ocr_line' id='line_1_19' title="bbox 102 2245 1589 2344; baseline 0 -29"><span class='ocrx_word' id='word_1_155' title='bbox 102 2245 366 2332; x_wconf 80' lang='lat' dir='ltr'><strong>Quaerentibus</strong></span> <span class='ocrx_word' id='word_1_156' title='bbox 386 2247 603 2343; x_wconf 84' lang='lat' dir='ltr'><strong>discipulis,</strong></span> <span class='ocrx_word' id='word_1_157' title='bbox 628 2251 713 2344; x_wconf 87' lang='lat' dir='ltr'><strong>quis</strong></span> <span class='ocrx_word' id='word_1_158' title='bbox 735 2260 830 2319; x_wconf 89' lang='lat' dir='ltr'><strong>essct</strong></span> <span class='ocrx_word' id='word_1_159' title='bbox 852 2253 973 2340; x_wconf 83' lang='lat' dir='ltr'><strong>major</strong></span> <span class='ocrx_word' id='word_1_160' title='bbox 993 2253 1035 2316; x_wconf 90' lang='lat' dir='ltr'><strong>in</strong></span> <span class='ocrx_word' id='word_1_161' title='bbox 1056 2274 1170 2340; x_wconf 89' lang='lat' dir='ltr'><strong>regno</strong></span> <span class='ocrx_word' id='word_1_162' title='bbox 1192 2245 1589 2319; x_wconf 51' lang='lat' dir='ltr'><strong>mimmenah-1⁸³·</strong></span> 
     </span>
     <span class='ocr_line' id='line_1_20' title="bbox 48 2339 1410 2438; baseline -0.001 -27"><span class='ocrx_word' id='word_1_163' title='bbox 48 2341 255 2433; x_wconf 87' lang='lat' dir='ltr'><strong>Respondit</strong></span> <span class='ocrx_word' id='word_1_164' title='bbox 272 2343 456 2412; x_wconf 90' lang='lat' dir='ltr'><strong>Dominus</strong></span> <span class='ocrx_word' id='word_1_165' title='bbox 475 2367 483 2410; x_wconf 90' lang='lat'><strong>:</strong></span> <span class='ocrx_word' id='word_1_166' title='bbox 502 2343 728 2436; x_wconf 89' lang='lat' dir='ltr'><strong>Quicunque</strong></span> <span class='ocrx_word' id='word_1_167' title='bbox 749 2339 1006 2438; x_wconf 81' lang='lat' dir='ltr'><strong>humiliaverit</strong></span> <span class='ocrx_word' id='word_1_168' title='bbox 1024 2365 1085 2430; x_wconf 86' lang='lat' dir='ltr'><strong>se,</strong></span> <span class='ocrx_word' id='word_1_169' title='bbox 1106 2340 1202 2413; x_wconf 89' lang='lat' dir='ltr'><strong>sicut</strong></span> <span class='ocrx_word' id='word_1_170' title='bbox 1221 2341 1410 2433; x_wconf 87' lang='lat' dir='ltr'><strong>parvulus·</strong></span> 
     </span>
     <span class='ocr_line' id='line_1_21' title="bbox 49 2434 872 2529; baseline -0.004 -23"><span class='ocrx_word' id='word_1_171' title='bbox 49 2435 147 2521; x_wconf 88' lang='lat' dir='ltr'><strong>iste,</strong></span> <span class='ocrx_word' id='word_1_172' title='bbox 178 2434 241 2506; x_wconf 91' lang='lat' dir='ltr'><strong>hic</strong></span> <span class='ocrx_word' id='word_1_173' title='bbox 263 2437 384 2529; x_wconf 87' lang='lat' dir='ltr'><strong>major</strong></span> <span class='ocrx_word' id='word_1_174' title='bbox 401 2446 458 2506; x_wconf 91' lang='lat' dir='ltr'><strong>est</strong></span> <span class='ocrx_word' id='word_1_175' title='bbox 480 2437 520 2506; x_wconf 90' lang='lat' dir='ltr'><strong>in</strong></span> <span class='ocrx_word' id='word_1_176' title='bbox 538 2460 653 2529; x_wconf 88' lang='lat' dir='ltr'><strong>regno</strong></span> <span class='ocrx_word' id='word_1_177' title='bbox 667 2435 872 2515; x_wconf 85' lang='lat' dir='ltr'><strong>,coelorum</strong></span> 
     </span>
     <span class='ocr_line' id='line_1_22' title="bbox 103 2526 1548 2625; baseline -0.003 -25"><span class='ocrx_word' id='word_1_178' title='bbox 103 2530 330 2625; x_wconf 84' lang='lat' dir='ltr'><strong>Exemplum</strong></span> <span class='ocrx_word' id='word_1_179' title='bbox 356 2529 419 2602; x_wconf 84' lang='lat' dir='ltr'><strong>vel</strong></span> <span class='ocrx_word' id='word_1_180' title='bbox 438 2529 649 2624; x_wconf 89' lang='lat' dir='ltr'><strong>parabolam</strong></span> <span class='ocrx_word' id='word_1_181' title='bbox 676 2527 831 2599; x_wconf 88' lang='lat' dir='ltr'><strong>humilis</strong></span> <span class='ocrx_word' id='word_1_182' title='bbox 854 2527 1077 2598; x_wconf 87' lang='lat' dir='ltr'><strong>urbanitatis</strong></span> <span class='ocrx_word' id='word_1_183' title='bbox 1098 2526 1253 2599; x_wconf 81' lang='lat' dir='ltr'><strong>induxit</strong></span> <span class='ocrx_word' id='word_1_184' title='bbox 1274 2529 1406 2598; x_wconf 83' lang='lat' dir='ltr'><strong>Domi·</strong></span> <span class='ocrx_word' id='word_1_185' title='bbox 1423 2539 1487 2594; x_wconf 74' lang='lat' dir='ltr'><strong>Luc.</strong></span> <span class='ocrx_word' id='word_1_186' title='bbox 1506 2538 1548 2605; x_wconf 74' lang='lat' dir='ltr'><strong>rt.</strong></span> 
     </span>
     <span class='ocr_line' id='line_1_23' title="bbox 46 2618 1411 2788; baseline -0.002 -93"><span class='ocrx_word' id='word_1_187' title='bbox 46 2647 139 2788; x_wconf 90' lang='lat' dir='ltr'><strong>lnus.</strong></span> <span class='ocrx_word' id='word_1_188' title='bbox 164 2624 259 2698; x_wconf 88' lang='lat' dir='ltr'><strong>Cum</strong></span> <span class='ocrx_word' id='word_1_189' title='bbox 276 2626 460 2700; x_wconf 80' lang='lat' dir='ltr'><strong>inritatus</strong></span> <span class='ocrx_word' id='word_1_190' title='bbox 484 2624 601 2698; x_wconf 85' lang='lat' dir='ltr'><strong>fucris</strong></span> <span class='ocrx_word' id='word_1_191' title='bbox 621 2622 668 2696; x_wconf 93' lang='lat' dir='ltr'><strong>ad</strong></span> <span class='ocrx_word' id='word_1_192' title='bbox 688 2623 861 2717; x_wconf 86' lang='lat' dir='ltr'><strong>nuptias,</strong></span> <span class='ocrx_word' id='word_1_193' title='bbox 888 2646 967 2694; x_wconf 88' lang='lat' dir='ltr'><strong>non</strong></span> <span class='ocrx_word' id='word_1_194' title='bbox 986 2618 1196 2704; x_wconf 82' lang='lat' dir='ltr'><strong>discumbas</strong></span> <span class='ocrx_word' id='word_1_195' title='bbox 1218 2621 1258 2692; x_wconf 91' lang='lat' dir='ltr'><strong>in</strong></span> <span class='ocrx_word' id='word_1_196' title='bbox 1281 2622 1411 2716; x_wconf 81' lang='lat' dir='ltr'><strong>primo·</strong></span> 
     </span>
     <span class='ocr_line' id='line_1_24' title="bbox 62 2743 1592 2792; baseline 0.001 -2"><span class='ocrx_word' id='word_1_197' title='bbox 62 2743 144 2790; x_wconf 90' lang='lat' dir='ltr'><strong>oco.</strong></span> <span class='ocrx_word' id='word_1_198' title='bbox 1583 2773 1592 2792; x_wconf 85' lang='lat'><strong>..</strong></span> 
     </span>
     <span class='ocr_line' id='line_1_25' title="bbox 102 2810 1560 2916; baseline -0.01 -32"><span class='ocrx_word' id='word_1_199' title='bbox 102 2813 160 2884; x_wconf 84' lang='lat' dir='ltr'><strong>Ad</strong></span> <span class='ocrx_word' id='word_1_200' title='bbox 178 2812 391 2910; x_wconf 85' lang='lat' dir='ltr'><strong>fugiendam</strong></span> <span class='ocrx_word' id='word_1_201' title='bbox 412 2817 628 2916; x_wconf 83' lang='lat' dir='ltr'><strong>jactantiam</strong></span> <span class='ocrx_word' id='word_1_202' title='bbox 655 2828 692 2887; x_wconf 90' lang='lat' dir='ltr'><strong>et</strong></span> <span class='ocrx_word' id='word_1_203' title='bbox 720 2812 974 2886; x_wconf 84' lang='lat' dir='ltr'><strong>humilitatem</strong></span> <span class='ocrx_word' id='word_1_204' title='bbox 991 2810 1222 2898; x_wconf 87' lang='lat' dir='ltr'><strong>sectandam,</strong></span> <span class='ocrx_word' id='word_1_205' title='bbox 1243 2810 1410 2884; x_wconf 77' lang='lat' dir='ltr'><strong>multum</strong></span> <span class='ocrx_word' id='word_1_206' title='bbox 1422 2824 1487 2878; x_wconf 76' lang='lat' dir='ltr'><strong>Luc.</strong></span> <span class='ocrx_word' id='word_1_207' title='bbox 1507 2821 1560 2873; x_wconf 66' lang='lat' dir='ltr'><strong>ras.</strong></span> 
     </span>
     <span class='ocr_line' id='line_1_26' title="bbox 48 2905 1407 3010; baseline -0.004 -26"><span class='ocrx_word' id='word_1_208' title='bbox 48 2907 417 3008; x_wconf 62' lang='lat' dir='ltr'><strong>valetexemplum,</strong></span> <span class='ocrx_word' id='word_1_209' title='bbox 458 2911 559 3010; x_wconf 87' lang='lat' dir='ltr'><strong>quod</strong></span> <span class='ocrx_word' id='word_1_210' title='bbox 576 2910 724 2984; x_wconf 89' lang='lat' dir='ltr'><strong>inducit</strong></span> <span class='ocrx_word' id='word_1_211' title='bbox 744 2905 999 2996; x_wconf 80' lang='lat' dir='ltr'><strong>Dominusde</strong></span> <span class='ocrx_word' id='word_1_212' title='bbox 1018 2906 1181 3003; x_wconf 90' lang='lat' dir='ltr'><strong>superbo</strong></span> <span class='ocrx_word' id='word_1_213' title='bbox 1199 2905 1407 2998; x_wconf 82' lang='lat' dir='ltr'><strong>Pharisaeo,</strong></span> 
     </span>
     <span class='ocr_line' id='line_1_27' title="bbox 50 3002 484 3098; baseline 0.002 -23"><span class='ocrx_word' id='word_1_214' title='bbox 50 3018 94 3075; x_wconf 86' lang='lat' dir='ltr'><strong>et</strong></span> <span class='ocrx_word' id='word_1_215' title='bbox 119 3002 256 3077; x_wconf 89' lang='lat' dir='ltr'><strong>humili</strong></span> <span class='ocrx_word' id='word_1_216' title='bbox 273 3009 484 3098; x_wconf 89' lang='lat' dir='ltr'><strong>publicano.</strong></span> 
     </span>
     <span class='ocr_line' id='line_1_28' title="bbox 106 3093 1410 3190; baseline 0.002 -27"><span class='ocrx_word' id='word_1_217' title='bbox 106 3097 306 3165; x_wconf 86' lang='lat' dir='ltr'><strong>Humilitas</strong></span> <span class='ocrx_word' id='word_1_218' title='bbox 323 3099 476 3168; x_wconf 82' lang='lat' dir='ltr'><strong>loannis</strong></span> <span class='ocrx_word' id='word_1_219' title='bbox 489 3100 666 3190; x_wconf 87' lang='lat' dir='ltr'><strong>Baptistae</strong></span> <span class='ocrx_word' id='word_1_220' title='bbox 679 3109 829 3190; x_wconf 88' lang='lat' dir='ltr'><strong>apparet</strong></span> <span class='ocrx_word' id='word_1_221' title='bbox 840 3093 1119 3187; x_wconf 84' lang='lat' dir='ltr'><strong>multipliciter:</strong></span> <span class='ocrx_word' id='word_1_222' title='bbox 1138 3098 1226 3185; x_wconf 91' lang='lat' dir='ltr'><strong>quia</strong></span> <span class='ocrx_word' id='word_1_223' title='bbox 1236 3095 1410 3166; x_wconf 84' lang='lat' dir='ltr'><strong>videlicet</strong></span> 
     </span>
     <span class='ocr_line' id='line_1_29' title="bbox 52 3185 1410 3282; baseline -0.006 -22"><span class='ocrx_word' id='word_1_224' title='bbox 52 3188 106 3260; x_wconf 87' lang='lat' dir='ltr'><strong>de</strong></span> <span class='ocrx_word' id='word_1_225' title='bbox 119 3211 157 3256; x_wconf 91' lang='lat' dir='ltr'><strong>se</strong></span> <span class='ocrx_word' id='word_1_226' title='bbox 167 3186 362 3258; x_wconf 89' lang='lat' dir='ltr'><strong>humiliter</strong></span> <span class='ocrx_word' id='word_1_227' title='bbox 373 3190 553 3262; x_wconf 81' lang='lat' dir='ltr'><strong>sentiebat</strong></span> <span class='ocrx_word' id='word_1_228' title='bbox 563 3244 573 3280; x_wconf 91' lang='lat'><strong>,</strong></span> <span class='ocrx_word' id='word_1_229' title='bbox 585 3191 823 3261; x_wconf 84' lang='lat' dir='ltr'><strong>existimante</strong></span> <span class='ocrx_word' id='word_1_230' title='bbox 835 3187 991 3282; x_wconf 83' lang='lat' dir='ltr'><strong>popu10,</strong></span> <span class='ocrx_word' id='word_1_231' title='bbox 1002 3186 1102 3279; x_wconf 93' lang='lat' dir='ltr'><strong>quod</strong></span> <span class='ocrx_word' id='word_1_232' title='bbox 1113 3185 1233 3255; x_wconf 79' lang='lat' dir='ltr'><strong>fortei</strong></span> <span class='ocrx_word' id='word_1_233' title='bbox 1262 3211 1299 3254; x_wconf 90' lang='lat' dir='ltr'><strong>se</strong></span> <span class='ocrx_word' id='word_1_234' title='bbox 1314 3197 1410 3254; x_wconf 87' lang='lat' dir='ltr'><strong>esset</strong></span> 
     </span>
     <span class='ocr_line' id='line_1_30' title="bbox 58 3211 1411 3373; baseline -0.008 -19"><span class='ocrx_word' id='word_1_235' title='bbox 58 3281 248 3354; x_wconf 86' lang='lat' dir='ltr'><strong>Christus.</strong></span> <span class='ocrx_word' id='word_1_236' title='bbox 264 3279 369 3350; x_wconf 85' lang='lat' dir='ltr'><strong>Joau.</strong></span> <span class='ocrx_word' id='word_1_237' title='bbox 384 3307 415 3351; x_wconf 85' lang='lat'><strong>2.</strong></span> <span class='ocrx_word' id='word_1_238' title='bbox 432 3281 515 3352; x_wconf 89' lang='lat' dir='ltr'><strong>Non</strong></span> <span class='ocrx_word' id='word_1_239' title='bbox 537 3307 618 3352; x_wconf 90' lang='lat' dir='ltr'><strong>sum</strong></span> <span class='ocrx_word' id='word_1_240' title='bbox 636 3307 701 3373; x_wconf 92' lang='lat' dir='ltr'><strong>ego</strong></span> <span class='ocrx_word' id='word_1_241' title='bbox 718 3281 900 3354; x_wconf 90' lang='lat' dir='ltr'><strong>Christus.</strong></span> <span class='ocrx_word' id='word_1_242' title='bbox 918 3282 1012 3350; x_wconf 91' lang='lat' dir='ltr'><strong>Item</strong></span> <span class='ocrx_word' id='word_1_243' title='bbox 1029 3277 1223 3350; x_wconf 81' lang='lat' dir='ltr'><strong>humiliter</strong></span> <span class='ocrx_word' id='word_1_244' title='bbox 1234 3211 1411 3368; x_wconf 67' lang='lat' dir='ltr'><strong>liqueba-</strong></span> 
     </span>
     <span class='ocr_line' id='line_1_31' title="bbox 56 3367 1411 3468; baseline -0.009 -21"><span class='ocrx_word' id='word_1_245' title='bbox 56 3389 138 3448; x_wconf 88' lang='lat' dir='ltr'><strong>tur.</strong></span> <span class='ocrx_word' id='word_1_246' title='bbox 147 3375 169 3445; x_wconf 91' lang='lat' dir='ltr'><strong>J</strong></span> <span class='ocrx_word' id='word_1_247' title='bbox 170 3401 202 3446; x_wconf 92' lang='lat' dir='ltr'><strong>o.</strong></span> <span class='ocrx_word' id='word_1_248' title='bbox 224 3400 252 3444; x_wconf 88' lang='lat'><strong>1.</strong></span> <span class='ocrx_word' id='word_1_249' title='bbox 265 3376 343 3468; x_wconf 88' lang='lat' dir='ltr'><strong>Ego</strong></span> <span class='ocrx_word' id='word_1_250' title='bbox 353 3399 433 3445; x_wconf 80' lang='lat' dir='ltr'><strong>vox</strong></span> <span class='ocrx_word' id='word_1_251' title='bbox 452 3372 644 3442; x_wconf 82' lang='lat' dir='ltr'><strong>damantis</strong></span> <span class='ocrx_word' id='word_1_252' title='bbox 657 3375 697 3442; x_wconf 90' lang='lat' dir='ltr'><strong>in</strong></span> <span class='ocrx_word' id='word_1_253' title='bbox 712 3373 866 3444; x_wconf 88' lang='lat' dir='ltr'><strong>deserto.</strong></span> <span class='ocrx_word' id='word_1_254' title='bbox 879 3373 1035 3464; x_wconf 84' lang='lat' dir='ltr'><strong>Negavit</strong></span> <span class='ocrx_word' id='word_1_255' title='bbox 1049 3397 1088 3441; x_wconf 87' lang='lat' dir='ltr'><strong>se</strong></span> <span class='ocrx_word' id='word_1_256' title='bbox 1104 3393 1183 3438; x_wconf 90' lang='lat' dir='ltr'><strong>esse</strong></span> <span class='ocrx_word' id='word_1_257' title='bbox 1196 3367 1386 3438; x_wconf 89' lang='lat' dir='ltr'><strong>Christum</strong></span> <span class='ocrx_word' id='word_1_258' title='bbox 1400 3418 1411 3453; x_wconf 94' lang='lat'><strong>,</strong></span> 
     </span>
     <span class='ocr_line' id='line_1_32' title="bbox 58 3459 1412 3561; baseline -0.01 -23"><span class='ocrx_word' id='word_1_259' title='bbox 58 3480 131 3538; x_wconf 88' lang='lat' dir='ltr'><strong>aut</strong></span> <span class='ocrx_word' id='word_1_260' title='bbox 142 3467 372 3561; x_wconf 86' lang='lat' dir='ltr'><strong>prophetam.</strong></span> <span class='ocrx_word' id='word_1_261' title='bbox 384 3468 482 3538; x_wconf 87' lang='lat' dir='ltr'><strong>Tum</strong></span> <span class='ocrx_word' id='word_1_262' title='bbox 498 3465 609 3534; x_wconf 85' lang='lat' dir='ltr'><strong>etiam</strong></span> <span class='ocrx_word' id='word_1_263' title='bbox 620 3462 814 3535; x_wconf 89' lang='lat' dir='ltr'><strong>humiliter</strong></span> <span class='ocrx_word' id='word_1_264' title='bbox 829 3463 1055 3534; x_wconf 87' lang='lat' dir='ltr'><strong>induebatur</strong></span> <span class='ocrx_word' id='word_1_265' title='bbox 1072 3460 1157 3554; x_wconf 92' lang='lat' dir='ltr'><strong>pilis</strong></span> <span class='ocrx_word' id='word_1_266' title='bbox 1174 3459 1412 3528; x_wconf 82' lang='lat' dir='ltr'><strong>camelorum.¹</strong></span> 
     </span>
     <span class='ocr_line' id='line_1_33' title="bbox 57 3551 1341 3649; baseline -0.013 -13"><span class='ocrx_word' id='word_1_267' title='bbox 57 3561 256 3636; x_wconf 88' lang='lat' dir='ltr'><strong>Humilem</strong></span> <span class='ocrx_word' id='word_1_268' title='bbox 275 3559 544 3632; x_wconf 86' lang='lat' dir='ltr'><strong>habitationem</strong></span> <span class='ocrx_word' id='word_1_269' title='bbox 571 3555 736 3649; x_wconf 88' lang='lat' dir='ltr'><strong>eligebat.</strong></span> <span class='ocrx_word' id='word_1_270' title='bbox 763 3556 853 3626; x_wconf 91' lang='lat' dir='ltr'><strong>Luc.</strong></span> <span class='ocrx_word' id='word_1_271' title='bbox 878 3581 906 3624; x_wconf 77' lang='grc' dir='ltr'><strong>ι.</strong></span> <span class='ocrx_word' id='word_1_272' title='bbox 929 3557 1019 3626; x_wconf 89' lang='lat' dir='ltr'><strong>Erat</strong></span> <span class='ocrx_word' id='word_1_273' title='bbox 1041 3553 1081 3623; x_wconf 90' lang='lat' dir='ltr'><strong>in</strong></span> <span class='ocrx_word' id='word_1_274' title='bbox 1112 3551 1257 3620; x_wconf 82' lang='lat' dir='ltr'><strong>deserto</strong></span> <span class='ocrx_word' id='word_1_275' title='bbox 1274 3562 1341 3620; x_wconf 88' lang='lat' dir='ltr'><strong>etc.</strong></span> 
     </span>
     <span class='ocr_line' id='line_1_34' title="bbox 115 3642 1601 3746; baseline -0.011 -23"><span class='ocrx_word' id='word_1_276' title='bbox 115 3653 317 3727; x_wconf 89' lang='lat' dir='ltr'><strong>Humiliter</strong></span> <span class='ocrx_word' id='word_1_277' title='bbox 337 3656 458 3746; x_wconf 80' lang='lat' dir='ltr'><strong>Maria</strong></span> <span class='ocrx_word' id='word_1_278' title='bbox 478 3648 693 3746; x_wconf 85' lang='lat' dir='ltr'><strong>Magdalena</strong></span> <span class='ocrx_word' id='word_1_279' title='bbox 719 3662 756 3721; x_wconf 90' lang='lat' dir='ltr'><strong>et</strong></span> <span class='ocrx_word' id='word_1_280' title='bbox 777 3647 993 3745; x_wconf 87' lang='lat' dir='ltr'><strong>frequenter</strong></span> <span class='ocrx_word' id='word_1_281' title='bbox 1017 3645 1153 3741; x_wconf 88' lang='lat' dir='ltr'><strong>legitur</strong></span> <span class='ocrx_word' id='word_1_282' title='bbox 1175 3667 1279 3716; x_wconf 90' lang='lat' dir='ltr'><strong>secus</strong></span> <span class='ocrx_word' id='word_1_283' title='bbox 1301 3642 1491 3738; x_wconf 67' lang='lat' dir='ltr'><strong>pedestre.</strong></span> <span class='ocrx_word' id='word_1_284' title='bbox 1505 3679 1529 3729; x_wconf 70' lang='lat'><strong>7:</strong></span> <span class='ocrx_word' id='word_1_285' title='bbox 1548 3678 1601 3714; x_wconf 61' lang='grc' dir='ltr'><strong>ιω.</strong></span> 
     </span>
     <span class='ocr_line' id='line_1_35' title="bbox 57 3746 1343 3846; baseline -0.007 -24"><span class='ocrx_word' id='word_1_286' title='bbox 57 3746 220 3822; x_wconf 90' lang='lat' dir='ltr'><strong>Domini</strong></span> <span class='ocrx_word' id='word_1_287' title='bbox 245 3751 470 3846; x_wconf 88' lang='lat' dir='ltr'><strong>seposuisse</strong></span> <span class='ocrx_word' id='word_1_288' title='bbox 493 3758 560 3818; x_wconf 88' lang='lat' dir='ltr'><strong>etc.</strong></span> <span class='ocrx_word' id='word_1_289' title='bbox 1321 3755 1343 3788; x_wconf 63' lang='lat'><em>*</em></span> 
     </span>
     <span class='ocr_line' id='line_1_36' title="bbox 117 3831 1602 3933; baseline -0.004 -21"><span class='ocrx_word' id='word_1_290' title='bbox 117 3841 308 3930; x_wconf 73' lang='lat' dir='ltr'><strong>Quaerenti</strong></span> <span class='ocrx_word' id='word_1_291' title='bbox 327 3845 504 3930; x_wconf 92' lang='lat' dir='ltr'><strong>Domino,</strong></span> <span class='ocrx_word' id='word_1_292' title='bbox 524 3865 573 3912; x_wconf 91' lang='lat' dir='ltr'><strong>an</strong></span> <span class='ocrx_word' id='word_1_293' title='bbox 592 3841 724 3911; x_wconf 90' lang='lat' dir='ltr'><strong>Petrus</strong></span> <span class='ocrx_word' id='word_1_294' title='bbox 741 3838 909 3933; x_wconf 85' lang='lat' dir='ltr'><strong>diligeret</strong></span> <span class='ocrx_word' id='word_1_295' title='bbox 928 3861 1014 3908; x_wconf 91' lang='lat' dir='ltr'><strong>eum</strong></span> <span class='ocrx_word' id='word_1_296' title='bbox 1033 3835 1118 3930; x_wconf 92' lang='lat' dir='ltr'><strong>plus</strong></span> <span class='ocrx_word' id='word_1_297' title='bbox 1144 3835 1225 3907; x_wconf 89' lang='lat' dir='ltr'><strong>aliis</strong></span> <span class='ocrx_word' id='word_1_298' title='bbox 1247 3831 1411 3930; x_wconf 90' lang='lat' dir='ltr'><strong>discipu·</strong></span> <span class='ocrx_word' id='word_1_299' title='bbox 1426 3861 1504 3911; x_wconf 61' lang='lat' dir='ltr'><strong>ronna</strong></span> <span class='ocrx_word' id='word_1_300' title='bbox 1519 3873 1575 3908; x_wconf 68' lang='lat' dir='ltr'><strong>sn.</strong></span> <span class='ocrx_word' id='word_1_301' title='bbox 1599 3851 1602 3860; x_wconf 84' lang='lat'>&#39;</span> 
     </span>
     <span class='ocr_line' id='line_1_37' title="bbox 60 3931 1500 4102; baseline -0.006 -92"><span class='ocrx_word' id='word_1_302' title='bbox 60 3939 138 4102; x_wconf 67' lang='lat' dir='ltr'><strong>lile,</strong></span> <span class='ocrx_word' id='word_1_303' title='bbox 161 3940 348 4100; x_wconf 70' lang='lat' dir='ltr'><strong>reppoudit</strong></span> <span class='ocrx_word' id='word_1_304' title='bbox 367 3937 561 4010; x_wconf 87' lang='lat' dir='ltr'><strong>humiliter</strong></span> <span class='ocrx_word' id='word_1_305' title='bbox 583 3935 736 4007; x_wconf 89' lang='lat' dir='ltr'><strong>dicens:</strong></span> <span class='ocrx_word' id='word_1_306' title='bbox 760 3933 820 4005; x_wconf 88' lang='lat' dir='ltr'><strong>Tu</strong></span> <span class='ocrx_word' id='word_1_307' title='bbox 843 3934 914 4005; x_wconf 84' lang='lat' dir='ltr'><strong>scis</strong></span> <span class='ocrx_word' id='word_1_308' title='bbox 936 3931 1118 4022; x_wconf 90' lang='lat' dir='ltr'><strong>Domine,</strong></span> <span class='ocrx_word' id='word_1_309' title='bbox 1144 3932 1233 4026; x_wconf 92' lang='lat' dir='ltr'><strong>quia</strong></span> <span class='ocrx_word' id='word_1_310' title='bbox 1262 3953 1359 4000; x_wconf 89' lang='lat' dir='ltr'><strong>amo·</strong></span> <span class='ocrx_word' id='word_1_311' title='bbox 1374 3945 1411 4002; x_wconf 88' lang='lat' dir='ltr'><strong>te</strong></span> <span class='ocrx_word' id='word_1_312' title='bbox 1495 4028 1500 4037; x_wconf 32' lang='grc' dir='ltr'>Ι</span> 
     </span>
     <span class='ocr_line' id='line_1_38' title="bbox 111 4048 367 4108; baseline 0 -7"><span class='ocrx_word' id='word_1_313' title='bbox 111 4055 156 4101; x_wconf 90' lang='lat' dir='ltr'><strong>us</strong></span> <span class='ocrx_word' id='word_1_314' title='bbox 179 4055 260 4101; x_wconf 89' lang='lat' dir='ltr'><strong>aus</strong></span> <span class='ocrx_word' id='word_1_315' title='bbox 301 4048 367 4108; x_wconf 84' lang='lat' dir='ltr'><strong>etc.</strong></span> 
     </span>
     <span class='ocr_line' id='line_1_39' title="bbox 19 4059 1421 4220; baseline -0.004 -24"><span class='ocrx_word' id='word_1_316' title='bbox 19 4155 23 4164; x_wconf 88' lang='lat'><strong>·</strong></span> <span class='ocrx_word' id='word_1_317' title='bbox 60 4059 91 4130; x_wconf 72' lang='lat' dir='ltr'><strong>P</strong></span> <span class='ocrx_word' id='word_1_318' title='bbox 119 4088 312 4219; x_wconf 83' lang='lat' dir='ltr'><strong>Praecipda</strong></span> <span class='ocrx_word' id='word_1_319' title='bbox 331 4126 553 4200; x_wconf 89' lang='lat' dir='ltr'><strong>humilitatis</strong></span> <span class='ocrx_word' id='word_1_320' title='bbox 576 4125 747 4220; x_wconf 85' lang='lat' dir='ltr'><strong>exempla</strong></span> <span class='ocrx_word' id='word_1_321' title='bbox 767 4125 931 4217; x_wconf 88' lang='lat' dir='ltr'><strong>accipere</strong></span> <span class='ocrx_word' id='word_1_322' title='bbox 951 4145 1166 4218; x_wconf 79' lang='lat' dir='ltr'><strong>possumus,</strong></span> <span class='ocrx_word' id='word_1_323' title='bbox 1187 4131 1224 4190; x_wconf 90' lang='lat' dir='ltr'><strong>et</strong></span> <span class='ocrx_word' id='word_1_324' title='bbox 1235 4118 1421 4191; x_wconf 83' lang='lat' dir='ltr'><strong>debemus·</strong></span> 
     </span>
     <span class='ocr_line' id='line_1_40' title="bbox 64 4212 1415 4315; baseline -0.007 -23"><span class='ocrx_word' id='word_1_325' title='bbox 64 4223 113 4292; x_wconf 90' lang='lat' dir='ltr'><strong>in</strong></span> <span class='ocrx_word' id='word_1_326' title='bbox 136 4217 324 4294; x_wconf 88' lang='lat' dir='ltr'><strong>Salvatore</strong></span> <span class='ocrx_word' id='word_1_327' title='bbox 355 4234 500 4312; x_wconf 85' lang='lat' dir='ltr'><strong>nostro,</strong></span> <span class='ocrx_word' id='word_1_328' title='bbox 524 4223 633 4315; x_wconf 89' lang='lat' dir='ltr'><strong>cujus</strong></span> <span class='ocrx_word' id='word_1_329' title='bbox 653 4219 971 4306; x_wconf 85' lang='lat' dir='ltr'><strong>conversationem</strong></span> <span class='ocrx_word' id='word_1_330' title='bbox 989 4219 1029 4289; x_wconf 90' lang='lat' dir='ltr'><strong>in</strong></span> <span class='ocrx_word' id='word_1_331' title='bbox 1051 4215 1159 4285; x_wconf 87' lang='lat' dir='ltr'><strong>terris</strong></span> <span class='ocrx_word' id='word_1_332' title='bbox 1182 4212 1415 4285; x_wconf 86' lang='lat' dir='ltr'><strong>considerare</strong></span> 
     </span>
    </p>
   </div>
   <div class='ocr_carea' id='block_1_5' title="bbox 63 4305 1427 4416">
    <p class='ocr_par' dir='ltr' id='par_1_11' title="bbox 63 4305 1427 4416">
     <span class='ocr_line' id='line_1_41' title="bbox 63 4305 1427 4416; baseline -0.009 -33"><span class='ocrx_word' id='word_1_333' title='bbox 63 4336 287 4413; x_wconf 83' lang='lat' dir='ltr'><strong>possumus,</strong></span> <span class='ocrx_word' id='word_1_334' title='bbox 315 4317 404 4416; x_wconf 87' lang='lat' dir='ltr'><strong>quia</strong></span> <span class='ocrx_word' id='word_1_335' title='bbox 418 4319 496 4414; x_wconf 91' lang='lat' dir='ltr'><strong>ipse</strong></span> <span class='ocrx_word' id='word_1_336' title='bbox 518 4316 665 4413; x_wconf 85' lang='lat' dir='ltr'><strong>concipi</strong></span> <span class='ocrx_word' id='word_1_337' title='bbox 678 4312 799 4393; x_wconf 79' lang='lat' dir='ltr'><strong>voluit</strong></span> <span class='ocrx_word' id='word_1_338' title='bbox 820 4313 862 4386; x_wconf 91' lang='lat' dir='ltr'><strong>ia</strong></span> <span class='ocrx_word' id='word_1_339' title='bbox 882 4312 1002 4409; x_wconf 87' lang='lat' dir='ltr'><strong>patria</strong></span> <span class='ocrx_word' id='word_1_340' title='bbox 1022 4307 1191 4405; x_wconf 87' lang='lat' dir='ltr'><strong>despecta</strong></span> <span class='ocrx_word' id='word_1_341' title='bbox 1207 4361 1226 4401; x_wconf 26' lang='lat' dir='ltr'><strong>,t</strong></span> <span class='ocrx_word' id='word_1_342' title='bbox 1243 4305 1427 4382; x_wconf 80' lang='lat' dir='ltr'><strong>videlicet.</strong></span> 
     </span>
    </p>
   </div>
   <div class='ocr_carea' id='block_1_6' title="bbox 0 0 2171 5472">
    <p class='ocr_par' dir='ltr' id='par_1_12' title="bbox 0 0 2171 5472">
     <span class='ocr_line' id='line_1_42' title="bbox 0 0 2171 5472; baseline 0 0"><span class='ocrx_word' id='word_1_343' title='bbox 0 0 2171 5472; x_wconf 95' lang='lat' dir='ltr'><strong> </strong></span> 
     </span>
    </p>
   </div>
  </div>
 </body>
</html>
