4464 5464
5 485 6 496 i
230 509 495 632 TITULUS
522 509 650 594 CXL.
690 509 914 628 Principes
955 473 997 594 et
1024 507 1410 621 superioresmali.
1438 508 1532 592 ‘263

173 759 235 830 ges
258 745 465 830 pascuntur
482 735 729 830 apastoribus
747 735 765 804 ‘t
780 738 911 810 Statim
933 735 1108 810 describit
1128 735 1312 808 malorum
1331 745 1436 808 actus
1454 762 1535 831 pas-

173 843 309 904 torum.
328 833 401 902 Lac
420 885 430 921 ‚
452 832 601 926 inquit,
624 831 894 924 comedebatis,
914 832 1061 912 etlanis
1081 831 1368 930 operiebamini,
1382 843 1419 903 et
1458 832 1534 904 uod

173 951 339 1000 crassum
364 940 465 1016 erat,
485 925 707 998 occidebatis
727 951 734 994 :
760 941 796 1002 et
819 940 999 1022 aegrotum
1019 954 1095 1000 non
1115 928 1298 1001 sanitatis:
1316 857 1533 1022 quodiraa-

172 1034 255 1096 tum
287 1035 388 1113 erat,
410 1049 486 1094 non
512 1021 715 1115 alligastis:
740 1025 841 1117 quod
858 1023 1051 1096 infirmum
1083 1024 1178 1113 tuit,
1200 1047 1276 1092 non
1306 1021 1533 1095 consolidata·

171 1120 221 1190 tis
243 1143 250 1187 :
278 1132 315 1188 et
340 1116 446 1211 quod
459 1118 645 1210 abjectum
669 1129 766 1206 erat,
790 1145 870 1190 non
891 1117 1095 1192 reduxistis
1116 1145 1124 1190 z
1142 1117 1243 1214 quod
1259 1118 1434 1213 perierat,
1454 1144 1534 1192 non

94 1258 96 1270 ·
173 1213 432 1308 quaesivistis:
457 1213 622 1288 sedcum
652 1216 868 1284 austeritate
898 1215 1134 1307 imperabatis
1156 1215 1231 1303 eis,
1260 1227 1327 1284 etc.
1405 1241 1413 1250 ·

223 1297 312 1376 Mati
338 1303 494 1382 suerunt
508 1307 564 1381 illi
590 1309 828 1406 presbyteri,
861 1310 927 1406 qui
951 1309 1297 1382 condemnaverunt
1323 1310 1533 1383 Susannam
1551 1337 1621 1388 nan.
1639 1338 1680 1390 13.
1736 1372 1743 1386 .

175 1397 222 1469 ad
248 1412 429 1492 mortem,
451 1431 495 1478 eo
513 1405 615 1502 quod
633 1405 757 1479 noluit
782 1408 993 1478 consentire
1020 1407 1098 1498 eis,
1127 1429 1214 1478 cum
1241 1431 1292 1479 ex
1316 1403 1389 1478 hoc
1417 1409 1533 1502 magis

173 1495 369 1568 meruisset
392 1495 547 1574 laudari.

220 1593 307 1698 Rea-c·
322 1591 535 1684 Demetrius
557 1597 745 1668 Alcimum
760 1595 987 1692 proditorem
1005 1598 1164 1693 impium
1195 1597 1391 1670 constituit
1410 1598 1452 1670 in
1474 1623 1533 1671 sa-
1553 1644 1576 1677 ι.
1599 1627 1688 1678 uach.
1705 1645 1730 1695 7.

172 1683 355 1775 cerdone,
374 1698 410 1758 et
440 1690 635 1764 mandavit
657 1693 691 1762 ei
717 1691 838 1764 facere
861 1694 1044 1765 ultionem
1069 1695 1110 1764 in
1134 1693 1232 1763 filios
1257 1693 1380 1765 lsrael.

218 1779 339 1874 Elegit
350 1783 552 1858 Bacchides
568 1789 671 1859 viros
690 1787 843 1883 impios,
858 1801 903 1869 ,et
920 1789 1116 1859 constituit
1131 1811 1193 1856 eos
1211 1787 1395 1858 Dominus
1413 1789 1533 1882 regio-
1553 1822 1575 1856 ι.
1591 1804 1679 1855 Maca.
1691 1821 1719 1872 9.

171 1874 298 1965 nis,et
313 1883 546 1973 expugnavit
563 1883 699 1952 amicos
711 1883 835 1973 ludas,
851 1897 889 1954 et
907 1882 1142 1954 adducebant
1161 1907 1224 1952 eos
1240 1881 1288 1953 ad
1297 1881 1531 1955 Bacchidem.

220 1969 332 2041 Jason
347 1969 462 2046 frater
485 1976 592 2047 Oniae
605 2002 621 2065 ,¹
641 1976 708 2069 qui
728 2001 918 2046 summurn
939 1976 1184 2048 sacerdotium
1213 1978 1303 2046 emit
1330 1977 1376 2046 ab
1399 1977 1532 2048 Antio·
1551 2007 1577 2042 π.
1601 1991 1690 2040 uach.
1704 1989 1732 2056 t.

171 2064 269 2155 cb0,
299 2070 424 2141 statim
454 2083 499 2144 ut
527 2071 692 2142 obtinuit
720 2071 998 2166 principatum,
1020 2069 1067 2140 ad
1089 2069 1274 2164 gentilem·
1294 2071 1411 2143 ritum
1442 2095 1534 2142 con-

171 2161 329 2234 tribules
356 2189 442 2238 suos
473 2165 675 2238 transferre
705 2169 832 2262 coepit.

220 2257 468 2353 Proprietates
500 2260 685 2354 malorum
707 2263 946 2357 praelatorum
968 2261 1089 2354 tangit
1110 2261 1295 2331 Dominus
1320 2259 1439 2340 lesus.
1463 2263 1534 2334 Su·
1552 2276 1736 2328 axnovous-

171 2379 239 2452 per
264 2352 478 2430 cathedram
501 2356 646 2454 Moysis
675 2357 852 2430 aederunt
879 2355 1015 2429 Scribaa
1038 2365 1075 2426 et
1100 2353 1278 2428 Pharisaei
1303 2357 1370 2425 etc.
1390 2355 1533 2426 Dicunt
1588 2349 1717 2394 “mmm

173 2463 211 2523 et
237 2474 314 2522 non
345 2450 491 2527 faciunt
518 2479 525 2522 :
550 2453 703 2548 alligant
725 2479 836 2550 opera
865 2451 1005 2549 gravia.
1036 2449 1236 2541 Clauditis,
1262 2450 1427 2542 addidit,
1451 2475 1535 2546 reg·
1554 2462 1651 2516 uitta.
1671 2463 1714 2514 23·

172 2572 267 2619 num
290 2549 471 2623 coelorum
495 2563 582 2622 ante
604 2549 797 2644 homines,
829 2563 865 2624 et
883 2551 953 2624 vbs
973 2572 1062 2644 non
1079 2547 1227 2618 intratis
1256 2559 1323 2620 etc.

220 2643 269 2714 Et
291 2647 390 2740 apud
417 2647 627 2720 loannem:
658 2648 935 2737 mercenarius,
954 2657 991 2716 et
1012 2648 1175 2740 quinon
1196 2656 1251 2716 est
1271 2641 1535 2739 pastor,videt
1553 2665 1631 2715 toan.
1653 2680 1693 2714 ιο.
1741 2677 1743 2684 s

170 2741 304 2833 lupum
325 2749 561 2834 venientem,
595 2756 632 2816 et
659 2743 814 2817 dimittit
834 2767 947 2834 oves,
979 2751 1015 2822 et
1042 2739 1153 2836 sugit.
1180 2739 1265 2813 Non
1294 2741 1457 2836 pertinet
1487 2740 1534 2812 ad
1653 2819 1657 2826 ,

170 2860 257 2908 eum
280 2833 326 2908 de
352 2841 514 2933 ovibus,
539 2838 603 2911 sed
631 2853 738 2913 curat
756 2854 905 2914 tanturn
928 2837 1098 2933 pellibus.
1251 2894 1257 2907 .
1315 2839 1317 2842 ’

135 2941 141 2954 “
182 2965 188 2977 ’
218 2933 362 3008 Sciebat
381 2936 546 3030 Pilatus,
573 2935 673 3032 quod
691 2934 812 3008 Jndaei
835 2959 903 3032 per
922 2933 1106 3006 invidiam
1128 2933 1334 3014 Dominum
1357 2933 1536 3004 tradidis-
1553 2931 1652 2984 Metti·
1673 2946 1720 3000 ²5·-

173 3037 255 3098 sent
277 3053 285 3092 :
309 3031 466 3117 sciebat,
484 3058 571 3100 eum
593 3057 672 3102 ease
692 3033 956 3116 innocentem,
982 3043 1019 3102 et
1040 3041 1166 3099 tamen
1185 3041 1339 3122 propter
1364 3027 1534 3102 savorem
1552 3003 1630 3052 '⁰³¹¹'
1645 3017 1683 3066 ¹⁹⁸

167 3143 221 3213 ¹po
247 3117 320 3206 uli,
347 3129 384 3186 et
400 3120 572 3189 timorem
599 3121 780 3207 Caesaris,
804 3124 960 3190 tradidit
983 3146 1069 3188 euru
1101 3121 1291 3190 voluntati
1318 3147 1460 3191 aonam.
1577 3135 1581 3143 “

221 3143 413 3306 iuncipes
427 3211 658 3283 sacerdotum
674 3224 851 3282 vocantes
869 3213 1024 3282 Petrum
1044 3223 1081 3279 et
1103 3211 1311 3300 loannem,
1329 3213 1533 3286 denuncia-
1552 3224 1645 3274 Actor.
1658 3222 1686 3288 l·

172 3318 334 3397 verunt,
354 3329 401 3376 ne
417 3305 573 3377 omnino
591 3304 857 3398 loquerentur,
879 3329 948 3375 nec
970 3302 1146 3376 docerent
1165 3306 1205 3376 in
1227 3305 1382 3375 nomine
1408 3299 1528 3380 Jeaus

222 3401 365 3475 Videns
389 3402 560 3497 princeps
589 3397 821 3471 sacerdotum
843 3400 962 3471 multa
981 3401 1091 3494 signa
1119 3423 1186 3492 per
1211 3399 1406 3494 Apostolos
1430 3401 1511 3472 fieri
1526 3457 1536 3494 ,
1553 3419 1645 3469 Actor.
1664 3418 1690 3474 a.

176 3523 383 3593 exsurgens
404 3499 483 3594 ipsc
502 3509 538 3570 et
555 3519 704 3584 omneS,
727 3497 794 3590 qni
820 3519 906 3566 cum
938 3519 982 3592 co
1006 3505 1112 3565 erant
1131 3547 1140 3581 ‚
1162 3494 1375 3586 injecerunt
1400 3519 1534 3568 manus

173 3601 217 3670 in
246 3594 441 3689 Apostolos
458 3648 468 3685 ,
493 3607 530 3666 et
552 3591 759 3688 posuerunt
776 3617 842 3663 eos
855 3591 895 3660 in
913 3589 1083 3662 custodia
1104 3611 1171 3658 sua
1192 3586 1351 3681 publica.
1371 3590 1535 3682 Angelus

175 3705 302 3766 autam
329 3689 483 3760 Domini
512 3715 578 3786 per
611 3698 759 3759 noctem
786 3687 921 3759 eduxit
947 3710 1019 3757 cos.
1047 3683 1156 3756 Tunc
1181 3683 1272 3753 abiit
1296 3683 1534 3777 magistratus

176 3813 263 3863 cum
293 3785 498 3877 ministris,
518 3799 555 3859 et
581 3782 825 3856 adduxerunt
843 3782 953 3870 illos,
986 3794 1022 3853 et
1047 3791 1131 3875 post
1157 3777 1276 3851 inulta
1296 3778 1449 3850 consilia
1465 3807 1535 3854 vo-

174 3893 358 3957 caverunt
380 3881 597 3978 Apostolos,
618 3892 655 3952 et
672 3878 776 3950 caesia
795 3877 1145 3969 denunciaverunt,
1158 3899 1206 3947 ne
1224 3873 1383 3977 amplius
1402 3874 1540 3973 loque«

175 3991 308 4054 rentur
329 3980 370 4053 in
396 3979 555 4050 nomine.
577 3978 676 4051 lesu.

225 4076 365 4168 Raptus
392 4071 466 4146 fuit
496 4073 706 4170 Stephanus
734 4095 757 4142 a
786 4072 949 4164 Judaeis,
984 4082 1021 4143 et
1051 4068 1234 4142 adductus
1260 4069 1299 4139 in
1323 4067 1532 4142 consilium.
1552 4089 1612 4142 Act.
1631 4091 1657 4142 a.
1673 4107 1708 4160 7„

178 4172 275 4244 Cum
295 4165 404 4262 plura
429 4169 633 4264 objicerent
652 4169 688 4240 ei
715 4170 901 4264 principes
923 4166 1178 4256 sacerdotum,
1205 4163 1386 4236 dixerunt
1408 4168 1442 4234 ei
1464 4191 1471 4233 ε
1496 4168 1535 4239 Si.

178 4265 261 4337 haec
280 4266 332 4335 ita
355 4287 393 4334 se
419 4262 591 4336 habent?
609 4265 687 4354 Qui
709 4287 796 4335 cum
823 4263 983 4358 fideliter
1006 4289 1044 4333 se
1063 4273 1281 4350 exornaret,
1305 4273 1341 4331 et
1354 4259 1534 4335 duritiam

5 4363 6 4368 ’
118 4351 125 4372 ’
181 4359 399 4432 ludaeorum
415 4359 550 4431 acriter
565 4363 793 4456 increparet,
815 4359 1000 4454 lapidatus
1016 4370 1072 4429 est
1093 4357 1224 4452 abeis,
1244 4354 1409 4455 praefatis
1427 4359 1542 4458 prin«

181 4454 325 4558 cipibus
348 4453 493 4534 nullan
520 4453 792 4562 displicentiam
817 4454 1119 4535 ostendentibus
1171 4513 1174 4518 a
