4502 5484
633 629 732 695 nneg·
746 625 772 677 8·

823 405 884 503 la·
930 387 1195 480 TITULUS
1217 384 1347 472 XXII.
1372 383 1549 470 Bonitas
1572 381 1658 468 Dei
1684 409 1783 498 erga
1806 409 1903 489 suos
1923 381 2098 526 Servos.

872 609 1010 681 Mirum
1033 603 1149 678 fnisse
1176 603 1313 678 dicitur
1335 599 1380 672 de
1408 598 1502 693 hoc,
1524 600 1625 698 quod
1646 601 1829 674 Dominus
1847 625 1926 673 non
1947 599 2021 674 fuit
2043 603 2188 700 indig-

784 729 787 742 ’
824 716 937 780 natus
958 703 1000 772 in
1026 701 1230 794 abjectione
1249 701 1329 786 sui,
1350 695 1413 768 sed
1430 707 1859 790 contemptuservornm
1878 697 1948 770 Dei
1965 697 2045 790 ipse
2065 723 2192 792 repu-⁴

825 799 922 872 tavit
949 821 986 867 se
1002 794 1216 884 contemni,
1242 805 1286 865 ut
1306 803 1408 887 patet
1421 789 1462 863 in
1484 789 1674 864 Samuele:
1694 815 1773 863 non
1790 803 1826 864 te
1847 789 2093 886 abjecerunt,
2119 795 2182 866 sed

826 919 885 964 ma
900 947 910 980 ‚
937 890 1030 962 dicit·
1045 889 1240 962 Dominus.

651 1042 657 1056 .
712 1025 735 1075 g.
751 1024 775 1073 7.
875 985 1123 1074 nonedam,
1145 1007 1259 1078 quam
1272 983 1338 1148 pie
1360 981 1508 1055 locutus
1530 983 1578 1056 sit
1596 980 1779 1054 Dominus
1798 978 1845 1052 ad
1868 976 2019 1052 Nathan
2036 981 2091 1053 de
2111 985 2192 1057 Dat-i

641 2765 718 2814 Dan.
730 2760 756 2810 3.

645 3061 719 3110 nan,
737 3056 778 3122 ιι.

644 3251 716 3302 Dan·
734 3247 773 3300 13.

646 3545 728 3602 Jonae.
739 3564 772 3606 ι.

681 3885 708 3924 et
726 3891 765 3925 tt.

793 2520 913 2586 sap„

826 1079 952 1155 videt
982 1078 1091 1150 domo
1106 1082 1188 1173 ejus
1209 1079 1250 1149 in
1289 1088 1455 1150 uturum.
1994 1160 1999 1168 ι
2191 1157 2192 1164 ¹

875 1174 1057 1262 Quamvis
1077 1173 1215 1268 posteri
1235 1169 1357 1243 David
1378 1171 1632 1266 multipliciter
1654 1182 1691 1242 et
1713 1169 1874 1264 gravitas
1899 1171 2192 1265 peccavertmm

827 1280 952 1340 tamen
981 1291 1091 1361 opera
1116 1268 1198 1360 ejus
1227 1267 1331 1356 bona,
1352 1261 1569 1360 frequenter
1590 1278 1845 1338 memorantur
1873 1278 1911 1338 et
1938 1278 2098 1360 propter
2118 1269 2172 1340 illa

827 1362 1021 1438 multoties
1038 1361 1199 1456 pepercit
1221 1361 1405 1432 Dominus
1432 1361 1598 1454 peccatis.
1615 1357 1776 1434 illorunl.
2191 1389 2192 1416 1

878 1459 941 1526 Ex
962 1468 1143 1550 praecepto
1165 1455 1316 1528 Domini
1336 1455 1440 1527 corvi
1463 1453 1676 1526 deferebant
1696 1479 1830 1548 panem
1851 1467 1888 1527 et
1915 1479 2052 1528 carnes
2066 1461 2171 1550 an,

830 1562 867 1622 et
889 1562 1015 1645 postea
1040 1548 1195 1644 angelus,
1213 1550 1521 1643 Dominipanem
1548 1561 1587 1630 et
1608 1574 1742 1644 aquam
1763 1549 1881 1622 eidem
1906 1551 2085 1640 ostendit)

877 1643 1057 1718 Ezechias
1088 1667 1158 1715 rex
1173 1641 1194 1712 J
1199 1641 1271 1714 uda
1296 1641 1417 1715 dixit:
1441 1643 1623 1715 Dominus
1644 1645 1766 1716 bonus
1781 1645 2046 1739 propitiabitur
2063 1673 2167 1721 cunr-

832 1742 902 1831 tis‚
929 1739 996 1834 qni
1020 1739 1062 1808 in
1086 1749 1167 1809 toto
1196 1735 1304 1808 corde
1331 1737 1530 1832 requirunt
1557 1739 1783 1832 Dominum,
1813 1751 1850 1811 et
1871 1765 1949 1812 non
1975 1742 2164 1838 imputabit

833 1837 907 1924 eis,
935 1831 1036 1928 quod
1060 1833 1185 1906 minus
1212 1830 1430 1903 sanctificati
1460 1842 1558 1904 sunt.

880 1929 982 2000 Misit
1005 1927 1189 1999 Dominus
1216 1925 1388 2020 angelum
1413 1951 1546 2018 suum,
1579 1930 1646 2024 qni
1668 1929 1822 2000 Tobiam
1847 1929 2031 2024 juniorem
2062 1933 2164 2006 duxit

827 2036 871 2118 'et
891 2021 1066 2113 reduxit,
1091 2019 1318 2098 daemonium
1340 2022 1386 2096 ab
1406 2025 1493 2116 ejus
1509 2047 1630 2096 uxore
1651 2025 2083 2118 compescuit‚gaudinm
2107 2055 2165 2123 pa-

834 2118 1002 2191 rentibus
1029 2119 1111 2212 ejus
1142 2114 1258 2206 fecit,
1286 2119 1468 2188 seniorem
1493 2117 1648 2190 Tobiam
1679 2144 1702 2189 a
1733 2120 1900 2196 ooesitata
1929 2121 2097 2214 curavit,
2134 2134 2167 2195 et

836 2225 951 2285 totam
974 2211 1128 2284 domum
1148 2213 1229 2308 eius
1257 2211 1431 2284 omnibus
1453 2212 1562 2283 bonis
1586 2238 1625 2283 re
1651 2213 1754 2286 levit.

884 2307 1089 2381 Videbatur
1110 2308 1217 2400 quasi
1233 2305 1418 2376 Dominus
1440 2305 1573 2378 timere
1593 2239 1769 2380 cilensam
1788 2307 1972 2401 Jeremiae,
1995 2334 2083 2382 cum
2100 2313 2161 2386 vel

833 2403 886 2475 let
910 2401 1090 2498 populum
1112 2412 1263 2492 propter
1283 2411 1431 2490 peccata
1458 2425 1526 2467 sua
1547 2403 1701 2473 omnino
1730 2402 1851 2475 delere
1878 2429 1885 2472 :
1914 2403 2059 2477 dicebat
2077 2411 2159 2480 enin

960 2493 1186 2582 .Projiciam
1209 2513 1278 2558 vos
1308 2511 1330 2556 a
1351 2487 1445 2558 facie
1467 2515 1549 2562 moa
1578 2505 1645 2566 etc.
1668 2497 1728 2568 Tu
1757 2522 1841 2591 ergo
1866 2499 1944 2570 noli
1978 2526 2090 2573 orate
2111 2528 2159 2598 pto

834 2522 973 2678 populo
998 2581 1071 2652 hoc
1090 2634 1101 2670 ‚
1123 2603 1193 2650 nec
1218 2605 1384 2653 assumas
1406 2608 1474 2678 pro
1496 2587 1548 2658 eis
1569 2586 1717 2662 landem
1743 2604 1781 2664 et
1805 2594 2026 2689 orationem,
2049 2610 2159 2670 ‹st-non

838 2677 994 2746 obsistas
1013 2673 1128 2766 mihi,
1159 2674 1336 2769 quoniam
1358 2702 1436 2748 non
1466 2682 1664 2755 exaudiam
1685 2697 1732 2757 te.

882 2769 1043 2841 Planum
1069 2781 1148 2858 est,
1173 2768 1273 2864 quod
1301 2771 1402 2852 Deus
1420 2786 1481 2858 est·
1501 2799 1588 2848 cum
1614 2780 1731 2853 servis
1753 2781 1832 2853 suis
1849 2783 1890 2853 in
1910 2785 2157 2862 tribulatione:

836 2863 948 2935 Unde
971 2862 1310 2936 Nabuchodonosor
1339 2865 1436 2937 vidit
1458 2891 1545 2940 cum
1566 2874 1699 2948 azaria
1725 2890 1762 2948 ct
1784 2878 1893 2950 sociis
1915 2882 2006 2952 suis-
2022 2885 2159 2956 similem

838 2956 915 3028 filio
931 2957 1000 3027 Dei
1022 2957 1064 3028 in
1089 2955 1237 3030 fornace
1264 2958 1447 3032 candenti.

887 3051 982 3122 Cum
1019 3052 1150 3129 Daniel
1174 3066 1268 3128 esset
1300 3054 1339 3127 in
1358 3044 1553 3154 ‘Babylone
1579 3062 1619 3134 in
1641 3063 1723 3137 lacu
1751 3066 1924 3160 leonum,
1950 3075 2049 3146 misit
2075 3077 2110 3146 ei
2128 3071 2159 3142 de

839 3144 1043 3255 longinquo
1055 3147 1216 3256 ‚scilicet
1235 3149 1280 3221 de
1296 3151 1318 3221 J
1321 3149 1446 3244 udaea,
1462 3156 1660 3248 prandium
1679 3185 1744 3254 per
1761 3161 1933 3236 Habacuc
1948 3167 2157 3264 prophetant.

831 3316 834 3325 ,
886 3241 1104 3314 Exaudtvtt
1124 3244 1307 3320 Dominus
1340 3267 1471 3317 uocem
1504 3251 1681 3324 Susannae
1711 3268 1748 3326 et
1774 3259 1863 3352 qnia
1884 3283 1950 3354 per
1971 3261 2156 3358 impudicos

840 3360 946 3406 senes
969 3336 1205 3432 presbyteros
1226 3339 1366 3432 injuste
1388 3337 1510 3416 fuerat
1540 3345 1805 3446 condemnata,
1829 3377 1896 3448 per
1924 3360 2157 3432 continentem

837 3455 997 3528 puerum
1019 3429 1092 3502 suit
1118 3432 1220 3526 justo
1242 3433 1382 3527 judicio
1407 3433 1578 3514 liberata
1952 3475 1956 3484 ·

838 3604 840 3610 ¹
886 3525 1113 3620 Praeparavit
1141 3527 1324 3599 Dominus
1350 3529 1710 3631 piscemgrandem,
1729 3551 1774 3612 ut
1798 3541 1994 3637 deglutiret
2024 3549 2158 3630 Jonan‚

839 3621 1052 3783 qprl'ntamen
1076 3631 1226 3719 propter
1250 3623 1538 3704 inobedientiam
1558 3630 1757 3708 videbatur
1777 3638 1876 3730 juste
1902 3644 2088 3716 meruisse
2100 3666 2157 3738 pu·

839 3739 867 3784 n
931 3766 938 3780 .

646 3809 823 3864 nunno.
889 3804 1143 3900 Machabaeus,
1167 3825 1203 3884 et
1228 3814 1401 3909 quicum
1434 3843 1477 3890 eo
1494 3835 1632 3912 erant,
1658 3841 1864 3921 pugnantes
1887 3844 2030 3906 conns
2056 3833 2160 3906 Timo·

840 3895 974 4002 theom
990 3950 1005 4003 ,ι
1022 3897 1235 4011 habuerunt
1260 3908 1454 4018 manifeste
1480 3914 1525 3985 de
1557 3917 1650 3990 coelo
1682 3922 1892 4016 auxilium,
1926 3931 2162 4022 apparueratl

843 4011 943 4062 enam
968 4013 1042 4065 vam
1069 4017 1243 4090 qumque·
1260 4025 1302 4072 ιιι
1330 4027 1436 4097 equts
1468 4020 1535 4078 etc.
1566 4011 1697 4086 Postea
1724 4044 1827 4091 vero»
1844 4021 1915 4092 atis
1940 4026 2025 4096 vice
2051 4033 2163 4096 euolat

842 4080 890 4154 ad
910 4081 1083 4195 praelium·
1107 4104 1237 4206 contra
1261 4093 1434 4208 Lysiam,
1462 4107 1636 4195 apparuit
1664 4113 1872 4204 praecedens
1901 4139 1967 4190 eos
1999 4141 2115 4220 eques
2136 4112 2165 4182 51¹

815 4295 819 4305 Ι
842 4189 947 4254 veste
962 4178 1304 4282 ,ειιιιιΙιιίιιιιιιιιιιι
1318 4215 1440 4270 astreis
1452 4192 1605 4288 hastam
1634 4205 1798 4292 ,vibrans
