4502 5484
418 459 693 554 risuros
727 461 820 570 ΧΠ,
866 461 1029 586 angar
1066 461 1184 556 aas.
1441 483 1495 582 η
1615 399 1616 402 Ὗ

182 690 347 790 Angelus
358 693 529 786 Domini,
541 693 607 790 qui
622 691 853 790 proecedebat
864 695 1285 794 castralsrael,quand0
1298 697 1493 774 recedebat
1510 727 1595 786 exod.
1613 748 1653 784 10,

160 789 296 885 opulus
310 787 357 862 de
368 791 412 862 AE
492 799 547 881 to,
559 791 661 863 stetit
672 791 772 862 inter
787 804 908 864 castra
919 792 1181 890 AEgyptiorum
1190 805 1227 866 et
1239 793 1489 868 castralsra'el.

135 814 247 958 llnde
263 886 305 958 in
323 887 407 960 Exo
434 911 457 957 o
476 888 595 959 :Ecce
618 909 684 982 ego
702 887 813 958 mitto
838 887 1011 983 angel-um
1039 914 1187 983 meum,
1214 892 1281 988 qui
1307 889 1492 987 precedet

134 993 192 1072 te,
213 994 249 1055 et
275 981 460 1060 custodiat
482 983 523 1054 'tn
538 983 626 1071 via,
644 994 680 1052 et
695 980 910 1056 introducat
932 982 977 1053 ad
993 983 1118 1056 locum
1139 1011 1250 1080 quem
1271 985 1489 1082 praeparavi.

181 1077 290 1150 Stetit
312 1077 465 1174 angelus
485 1078 638 1150 Domini
653 1077 695 1148 in
709 1078 774 1151 via
796 1091 926 1151 contra
937 1078 1104 1171 Balaam,
1122 1082 1189 1176 qui
1207 1080 1357 1153 sedebat
1380 1103 1590 1176 supernum.
1609 1118 1650 1154 αα.

133 1195 287 1246 asinam.
391 1225 394 1232 ι

180 1267 345 1362 Angelus
363 1267 516 1339 Domini
537 1267 745 1362 increpavit
764 1265 862 1338 filios
883 1264 1020 1356 lsra'el,
1039 1266 1107 1361 qui
1126 1268 1346 1361 juraverant
1366 1268 1492 1338 amiei—
1507 1276 1594 1326 Judic·
1615 1291 1639 1326 2·

132 1361 224 1433 tiam
248 1387 333 1434 cum
357 1360 631 1436 habitatoribus
647 1374 756 1436 terrae
773 1359 974 1452 Chanaan,
996 1381 1228 1455 memorans,
1246 1361 1490 1456 beneficiarie

134 1479 157 1525 a
179 1458 258 1530 Deo
279 1457 421 1530 collata.
977 1533 980 1538 ,
1252 1527 1262 1533 .

182 1553 375 1648 Apparens
398 1553 564 1627 Caedeoni
579 1549 732 1650 angelus
750 1553 905 1626 Domini
926 1552 1154 1628 confortavit
1171 1579 1275 1646 eum,
1293 1563 1330 1625 et
1343 1555 1490 1626 anima·
1506 1575 1593 1632 audie.
1616 1576 1641 1628 a.

131 1645 188 1724 vit
220 1673 307 1720 enm
326 1647 370 1720 ad
390 1650 646 1723 liberationem
668 1649 807 1746 populi.
1624 1688 1626 1696 π

179 1745 303 1818 Uxori
322 1747 465 1818 blancae
493 1747 610 1818 sterili
639 1771 660 1817 a
686 1745 811 1840 paruit
831 1745 1008 1842 angelus,
1027 1756 1249 1842 conceptum
1263 1743 1334 1818 filii
1359 1742 1490 1842 praedi·
1509 1766 1594 1820 rusie.
1617 1763 1656 1814 13,

129 1851 239 1931 ce'ns,
260 1851 297 1911 et
319 1841 583 1914 abstinentiam
605 1843 647 1916 in
677 1842 787 1913 ‘cana
1493 1929 1497 1937 ⁵
1561 1862 1565 1866 ·

178 1933 383 2008 Numerato
401 1938 540 2034 populo
566 1936 613 2009 ad
640 1935 861 2010 mandatum
879 1937 1021 2031 David,
1047 1938 1150 2010 misit
1168 1937 1352 2010 Dominus
1374 1937 1490 2032 pesti—
1508 1963 1532 1998 2.
1548 1947 1611 2011 nee·
1627 1939 1680 2006 24·-

129 2027 284 2102 lentiam
310 2033 353 2102 in
381 2033 522 2112 lsra'el„
543 2032 714 2127 Cumque
748 2027 979 2104 extendisset
1015 2057 1171 2104 manum
1204 2057 1310 2103 suam
1337 2031 1489 2126 angelus

129 2123 285 2194 Domini
312 2149 424 2217 super
458 2125 713 2216 Hierusalem,
738 2137 784 2196 ut
811 2125 1039 2220 disperderet
1065 2149 1173 2216 eam,
1203 2127 1335 2204 videns
1367 2123 1491 2200 David

129 2215 307 2302 angelum
330 2217 533 2284 caedentem
555 2221 760 2306 populum,
782 2218 834 2290 ait
859 2244 866 2286 :
891 2223 969 2310 Ego
990 2245 1098 2310 sum,
1124 2221 1191 2313 qul
1209 2224 1370 2315 peccavi.

179 2304 403 2396 Fugientem
442 2303 586 2373 Heliam
621 2305 770 2372 Jezabel
800 2309 1103 2464 tgrannisantem
1138 2316 1306 2400 reginam
1339 2312 1491 2404 angelus
1511 2344 1535 2392 3,
1550 2346 1613 2408 neg.
1629 2359 1670 2410 ¹9·

128 2398 285 2474 Domini
307 2395 556 2487 confortavit,
580 2405 616 2466 et
636 2395 761 2464 sobrio
783 2398 816 2464 ci
844 2422 867 2466 o
889 2422 977 2466 eum
999 2397 1140 2470 refecit.

176 2497 225 2568 Et
249 2492 404 2588 angelus
427 2489 611 2567 revelavit
627 2485 766 2582 eidem,
790 2488 882 2585 quid
910 2487 1135 2586 respondere
1163 2492 1313 2566 deberet
1341 2493 1653 2596 nunciis4,11,g„,‚

129 2591 319 2666 Oclioziae.
1184 2649 1187 2658 .

177 2687 310 2760 Plures
335 2687 457 2784 angeli
483 2686 574 2760 boni
596 2695 703 2759 erant
723 2705 810 2755 cum
833 2681 988 2774 Elisaeo,
1013 2681 1060 2754 ad
1081 2707 1168 2756 eum
1190 2681 1670 2786 defendendum,4.r03.1a

129 2809 244 2880 quam
267 2808 354 2857 cum
377 2783 600 2859 adversariis
628 2779 753 2854 essent
775 2779 864 2851 mali
881 2779 1055 2852 homines
1070 2778 1117 2851 ad
1143 2777 1367 2852 nocendum.

67 2889 72 2896 '
179 2880 292 2953 Venit
313 2879 468 2975 angelus
489 2878 663 2971 Domini,
694 2887 731 2950 et
758 2878 942 2972 percussit
963 2897 1042 2948 nna
1070 2887 1180 2949 nocte
1205 2887 1357 2946 centum
1387 2887 1490 2947 octo-
1508 2900 1535 2968 4.
1550 2903 1613 2970 neg.
1630 2917 1669 2969 aa

128 2976 234 3073 ginta
258 2977 429 3073 quinque
450 2974 569 3048 millia
590 2972 814 3064 hominum,
836 2969 882 3042 de
901 2973 1072 3044 exercitu
1093 2972 1189 3067 regis
1208 2971 1465 3069 Assyriorum.

179 3071 343 3167 Rapha‘el
363 3071 537 3167 angelus,
569 3069 637 3166 qui
661 3067 735 3142 fuit
765 3065 848 3140 dux
877 3067 1024 3158 Tobiae,
1049 3068 1174 3234 ipsum
1196 3089 1219 3136 a
1248 3065 1489 3139 devoratione
1506 3087 1575 3141 rob.
1592 3087 1618 3141 5.

125 3167 243 3265 piscis
271 3167 431 3260 eripuit,
461 3189 623 3240 uxorem
652 3168 734 3262 ejus
768 3187 791 3234 a
817 3161 1004 3235 daemonio
1029 3161 1057 3232 li
1083 3163 1222 3253 oravit,
1258 3161 1357 3256 patri
1388 3185 1490 3234 coeco

125 3263 259 3336 visu-m
287 3260 478 3350 restituit,
506 3273 543 3331 et
560 3285 626 3356 per
653 3286 741 3348 eum
762 3271 841 3331 tam
865 3268 1065 3356 parentes,
1086 3281 1202 3355 quam
1220 3257 1311 3330 socii
1332 3254 1490 3329 fuerunt

122 3355 243 3433 multi
268 3353 332 3426 lici
352 3351 603 3425 consolatione
624 3355 766 3450 repleti.

179 3451 229 3524 Vi
258 3453 285 3522 't
309 3445 517 3536 Dominus,
544 3447 596 3516 ait
624 3447 789 3519 Judith:
816 3449 1006 3539 Quoniam
1028 3447 1232 3522 custodivit
1250 3473 1310 3519 me
1336 3445 1489 3539 angelus
1506 3471 1610 3525 tuate.
1629 3473 1668 3526 ¹3.

122 3551 237 3646 ejus,
259 3557 296 3620 et
310 3543 403 3618 hinc
421 3551 595 3634 euntem,
618 3552 655 3614 et
677 3541 731 3612 ibi
751 3555 1062 3634 commorantem,
1090 3555 1128 3614 et
1153 3541 1242 3611 inde
1263 3541 1341 3609 huc
1362 3543 1490 3626 rever-

124 3655 288 3719 tentem.

140 3757 148 3768 ·
182 3735 340 3811 Volavit
358 3733 405 3807 ad
421 3735 576 3808 Esaiam
603 3755 704 3806 unus
725 3728 771 3804 de
792 3728 1008 3828 Seraphim,
1035 3740 1072 3802 et
1087 3724 1289 3804 mundavit
1311 3735 1399 3802 eu'm
1415 3731 1490 3806 cal-
1506 3749 1566 3802 ma.
1584 3751 1611 3804 c.

58 3838 67 3852 '
117 3831 240 3927 cnlc,
293 3856 378 3906 uem
400 3831 541 3926 forcipe
555 3829 694 3902 tulerat
716 3825 902 3900 dealtari.
1434 3827 1438 3832 ’

181 3857 520 4040 Αηςέηειῦοηιίῃὶ
538 3923 730 4000 descendit
758 3947 846 3998 cum
869 3922 1003 3998 Azaria
1029 3932 1066 3995 et
1085 3919 1193 3994 sociis
1219 3923 1323 4018 ejus,
1349 3921 1391 3996 in
1409 3921 1488 3998 for·
1506 3939 1577 3992 nan.
1591 3941 1617 3993 s.

113 4047 264 4105 necem
285 4049 299 4096 1
348 4049 392 4098 is.

178 4119 299 4192 Danie
333 4119 377 4192 i'n
400 4118 487 4212 lacu
499 4113 656 4194 leonum
671 4120 855 4213 existens,
875 4115 975 4192 dixit
990 4116 1104 4190 Dario
1121 4114 1199 4210 regi
1214 4109 1260 4185 ad
1279 4113 1404 4212 ipsum
1419 4141 1487 4192 ve-
1505 4147 1615 4200 osne

111 4214 254 4294 nienti
278 4215 406 4294 :Deus
426 4241 532 4294 meus
552 4217 658 4296 misit
679 4215 853 4319 angelum
876 4238 1007 4308 suum,
1031 4212 1099 4314 qui
1122 4209 1305 4306 conclusit
1326 4237 1392 4288 ora
1414 4211 1488 4294 leo,
1587 4313 1592 4320 .

112 4335 242 4403 num¹
799 4371 800 4374 ,
984 4403 1013 4476 c
