4502 5484
776 320 830 418 al
958 279 1222 399 Tirones
1245 312 1426 398 mmv,
1453 313 1676 398 correano
1707 313 1921 400 ratane.

798 555 858 602 ere
880 539 1008 604 autem
1027 515 1125 603 facto
1144 530 1244 604 solus
1261 544 1339 606 erat
1356 532 1420 604 ibi.
1446 531 1492 602 In
1517 555 1593 626 quo
1614 529 1830 628 exemplum
1858 531 1960 608 dedit
1987 536 2134 610 turbas
2193 571 2194 596 κ

770 555 938 718 lugiendi
960 639 997 698 et
1018 625 1255 700 solitudinem
1274 625 1499 724 inquirendi.
2193 689 2194 744 p

577 769 631 821 Luc
666 785 676 819 Ι
807 721 1012 816 'Ingressus
1035 733 1091 793 est
1111 720 1305 793 Zacharias
1324 721 1503 816 templum
1521 721 1694 812 Domini,
1713 732 1757 793 ut
1784 722 1980 796 incensum
2002 749 2135 820 pone-
2193 765 2194 812 ᾗ

633 803 641 819 ’
678 801 686 818 ’
771 827 828 888 ret
848 830 885 982 elt
912 821 1034 890 omnis
1052 815 1255 890 multitudo
1277 817 1405 913 populi
1424 827 1503 889 erat
1521 840 1631 888 orans
1650 813 1751 890 foris.
1772 817 1879 890 Tune
1895 821 1930 889 ei
1945 825 2130 915 apparuit

773 935 864 982 onae
882 937 923 984 us
941 913 1103 984 Domini.
1398 928 1401 932 ·

522 997 525 1002 ’
576 1042 640 1094 Luc.
668 1059 709 1092 10,
821 969 967 1077 isarna
990 1009 1086 1078 circa
1110 1006 1358 1078 ministerium
1380 1001 1536 1080 sollicito
1557 1017 1594 1077 ct
1608 1003 1758 1078 turbata
1772 1017 1852 1078 erat
1876 1031 1883 1074 τ
1911 1009 2033 1080 Maria
2054 1036 2127 1086 air-

770 1111 847 1170 tem
873 1099 1003 1172 sedens
1031 1123 1136 1172 secus
1156 1099 1268 1262 pedes
1284 1101 1457 1192 Domini,
1483 1099 1656 1172 audiebat
1677 1100 1836 1172 verbum
1851 1099 1963 1173 illius.
1991 1105 2045 1175 Et
2066 1120 2124 1177 est

769 1193 931 1266 notabile
944 1195 1067 1286 valde,
1079 1218 1155 1288 quo
1184 1199 1268 1264 tam
1282 1194 1342 1288 pio
1360 1207 1397 1266 et
1412 1195 1548 1268 devoto
1565 1195 1773 1267 ministerio
1782 1192 1984 1288 prefertur
1995 1200 2119 1293 quies,

769 1299 806 1358 et
825 1288 1014 1360 audientia
1028 1288 1136 1364 verbi
1164 1289 1325 1360 Domini.
2017 1315 2028 1329 ⁴

816 1381 957 1454 Videns
979 1384 1088 1456 lesus
1107 1387 1260 1455 Mariam
1282 1383 1491 1478 plorantem
1511 1395 1547 1455 et
1562 1383 1584 1453 J
1587 1381 1725 1474 udaeos‚
1748 1384 1815 1477 qui
1829 1399 2012 1457 venerant
2028 1411 2117 1460 cnm

769 1500 831 1565 ea,
857 1469 1067 1570 plorantes,
1086 1475 1281 1570 infremuit
1302 1480 1435 1573 spiritu
1450 1491 1487 1550 et
1506 1479 1735 1572 lacrymatus
1757 1488 1833 1570 est,
1853 1477 1954 1572 quod
1972 1503 2112 1576 nequa-

769 1595 883 1664 quam
905 1569 1064 1661 lecerat,
1097 1569 1248 1662 quando
1271 1571 1397 1644 locuta
1418 1582 1473 1643 cst
1501 1574 1535 1643 ei
1561 1570 1716 1642 Martha.
1767 1649 1774 1656 ,

818 1665 913 1736 Miro
936 1677 976 1736 'et
993 1663 1129 1738 effabili
1159 1664 1269 1735 modo
1291 1663 1447 1736 suerunt
1468 1665 1640 1760 discipuli
1663 1665 1815 1746 Domini
1833 1663 1933 1739 docti
1955 1679 1992 1739 et
2007 1667 2114 1743 illus-

705 1787 710 1801 ·
768 1759 856 1830 irati
880 1759 920 1829 in
949 1759 1116 1833 adventu
1140 1758 1298 1853 Spiritiis
1320 1759 1454 1830 Sancti.

816 1851 1018 1947 Postquam
1036 1853 1108 1924 lux
1125 1852 1172 1924 de
1189 1854 1282 1926 coelo
1294 1853 1445 1926 Saulum
1458 1853 1731 1946 cncumfulsit,
1747 1854 1825 1948 ipsc
1839 1853 1969 1926 cadens
1978 1856 2020 1928 in
2033 1868 2114 1932 ter-

767 1969 846 2016 ram
867 1949 1074 2019 excaecatus
1088 1947 1171 2022 fuit.
1191 1947 1333 2020 Deinde
1345 1948 1590 2043 pertriduum
1604 1951 1798 2044 jejunans,
1814 1959 1850 2022 et
1867 1973 1966 2022 orans
1981 1955 2110 2023 excel-

766 2039 883 2113 lentes
905 2042 1150 2116 revelationes
1172 2043 1306 2115 habuit
1331 2043 1353 2114 t
1372 2041 1535 2115 Christe.

815 2136 910 2208 Cum
936 2135 1188 2232 hospitaretur
1212 2139 1345 2212 Petrus
1367 2141 1409 2210 in
1434 2137 1544 2208 ‹lomo
1570 2136 1728 2209 Simonis
1751 2138 1915 2226 coriarii,
1938 2137 2112 2214 ascendit

765 2230 925 2326 quadam
940 2233 1023 2306 vice
1045 2233 1086 2304 in
1109 2235 1299 2328 superiora
1312 2231 1463 2323 domds,
1483 2245 1527 2303 ut
1542 2243 1673 2304 oraret.
1696 2229 1753 2302 Act
1769 2231 1841 2304 hoc
1854 2229 2044 2326 videlicet,
2064 2249 2110 2308 ut

760 2339 885 2420 posset
911 2351 1065 2418 vacare,
1092 2329 1255 2422 quietius
1283 2353 1305 2398 a
1323 2328 1436 2398 turba
1459 2325 1618 2398 inferius
1641 2326 1827 2398 existente
1855 2337 2032 2399 remotus.
2059 2331 2109 2402 Et

762 2433 855 2492 tunc
874 2421 1056 2494 revelavit
1078 2425 1114 2490 ei
1134 2419 1318 2490 Dominus
1336 2421 1377 2488 in
1399 2420 1536 2488 mentis
1553 2442 1726 2512 excessu,
1744 2417 1844 2517 'quod
1861 2421 2015 2517 gentiles
2032 2449 2109 2496 non

761 2525 868 2598 erant
893 2511 1096 2603 repellendi
1117 2535 1139 2580 a
1154 2509 1414 2602 praedicatione
1435 2512 1637 2607 Evangelii.

809 2603 949 2695 Raptus
972 2601 1047 2672 fuit
1068 2602 1206 2673 Paulus
1222 2629 1342 2700 usque
1357 2603 1403 2675 ad
1420 2606 1572 2680 tertium
1591 2607 1743 2701 coelum,
1759 2621 1796 2683 et
1811 2608 1958 2685 audivit
1974 2635 2106 2686 ateana

759 2693 892 2782 verba,
915 2718 998 2789 ques
1017 2696 1202 2782 nonlicet
1223 2695 1368 2771 homini
1390 2699 1505 2794 loqui.

809 2787 998 2858 Altissimn
1016 2793 1200 2885 veroejus
1222 2793 1403 2885 sapientia
1425 2807 1574 2890 apparet
1591 2799 1632 2869 in
1657 2800 1688 2870 E
1714 2797 1831 2872 istolis
1854 2799 1955 2892 suis,
1976 2805 2122 2898 praeci—i

759 2883 833 2970 pue
857 2893 981 2978 autem
1007 2883 1110 2954 Rom.
1134 2909 1163 2954 1.
1183 2909 1216 2980 9.
1241 2906 1292 2957 10.
1319 2913 1393 2979 11.,
1409 2889 1506 2960 Tum
1529 2894 1641 2964 etiam
1662 2825 1713 2964 ad
1729 2893 1895 2989 Ephesos
1920 2921 1948 2966 1.
1962 2907 1999 2969 et
2015 2926 2046 2970 2.
2063 2913 2100 2971 et

759 2969 896 3044 Coloss.
921 3001 949 3044 1.
971 3001 1002 3046 2.
1022 2977 1131 3048 Hebr.
1158 3004 1187 3048 1.

557 3087 643 3152 spec.
666 3106 685 3140 ι.
805 3066 918 3139 Beato
953 3069 1088 3144 Joanni
1115 3085 1344 3169 sequestrato
1369 3103 1391 3146 a
1418 3080 1645 3154 tumultuet
1674 3081 1926 3156 consolatione
1950 3083 2099 3178 mundi,

756 3161 905 3254 quando
926 3165 967 3236 in
984 3167 1107 3240 insula
1122 3167 1301 3242 Patlmios
1317 3173 1488 3248 exulavit
1499 3231 1509 3268 ,
1521 3174 1703 3250 revelavit
1713 3179 1898 3252 Dominus
1917 3179 2016 3254 facta
2027 3206 2102 3254 οω·

752 3253 877 3350 lestis,
896 3271 940 3331 ut
957 3261 999 3332 in
1014 3261 1125 3357 Apoc.
1150 3274 1259 3358 petet.

1109 3443 1485 3532 TITULUS
1537 3449 1751 3536 XXXV.

1198 3571 1234 3652 C
1236 3577 1406 3657 orrectz'o
1439 3573 1654 3660 Fraterno.

548 3763 617 3814 oen
636 3781 675 3819 ιι.
751 3693 969 3844 Corripere
996 3759 1211 3849 proximum
1235 3759 1296 3830 vel
1321 3760 1590 3855 reprehendere
1618 3777 1674 3836 est
1703 3757 1799 3862 opus
1823 3769 2098 3846 misericonliae.

747 3841 1075 3948 Undepostquam
1097 3853 1286 3943 juraverat
1310 3855 1499 3932 Abraham
1517 3857 1754 3952 Abimelech,
1776 3861 1877 3956 quod
1896 3862 2039 3940 faceret
2067 3869 2102 3940 ei

746 3937 1060 4042 misericordiam,
1083 3949 1262 4017 continuo
1282 3950 1467 4043 sequitur,
1490 3951 1590 4043 quod
1612 3954 1820 4051 increpavit
1842 3957 2074 4033 Abimelech.

546 4047 615 4098 nen.
634 4046 676 4098 13.
795 4026 1023 4106 Charitative
1044 4048 1081 4108 et
1108 4051 1299 4112 mansuete
1327 4048 1554 4138 compescuit
1576 4047 1764 4120 Abraham
1787 4053 1851 4146 jur
1877 4053 1974 4146 'um‚
1996 4053 2101 4150 quod

745 4133 823 4193 erat
851 4123 950 4198 inter
970 4143 1134 4225 pastores
1156 4157 1264 4226 suos,
1293 4151 1330 4209 et
1349 4151 1512 4235 pastores
1540 4144 1684 4237 nepotis
1712 4143 1771 4218 sui
1790 4075 1901 4218 lad.-
1999 4242 2035 4316 D
