4502 5484
799 337 854 420 -ιε
900 303 907 315 “
1100 331 1372 422 ¹urums
1403 331 1493 420 ΧΠ.
1528 331 1689 454 Augen
1720 333 1835 418 mn.
1877 459 1881 468 Ι

604 585 629 622 2·
649 574 712 640 neg.
733 569 780 638 15,
848 561 1022 634 Absalom
1047 563 1205 638 subditis
1232 564 1291 637 sui
1316 561 1431 658 patris
1453 585 1602 636 omnem
1621 559 1774 634 exhibet
1791 555 2081 650 humanitatem,
2103 572 2150 634 ut

637 645 690 690 ‘¹⁶'
800 683 931 730 eorum
954 659 1067 730 corda
1091 659 1321 752 lucraretur,
1339 669 1377 732 et
1396 657 1498 731 viam
1517 656 1587 729 sibi
1614 667 1792 730 sterneret
1808 652 1853 724 ad
1869 653 2004 726 solium
2022 655 2149 727 Israel.

603 754 680 802 ³0³³·
695 767 737 818 rw
756 749 782 817 l·
851 753 909 824 Ob
931 779 1094 827 amorem
1113 781 1181 850 pro
1206 753 1304 826 rium
1327 764 1461 848 petunt
1486 751 1631 846 cognati
1653 775 1676 819 a
1708 747 1876 841 Christo,
1899 760 1943 820 ut
1970 747 2151 824 miracula

801 831 935 940 sadiat,
957 860 993 919 et
1016 861 1054 920 se
1079 781 1290 922 manilestet
1317 872 1440 920 coram
1462 845 1609 943 populo.
2068 879 2074 886 ·

605 955 703 1006 natu.
725 973 771 1027 17,
849 941 999 1034 Petrus,
1023 967 1109 1018 cum
1124 946 1165 1015 in
1181 957 1307 1018 monte
1328 940 1478 1015 Thabor
1492 941 1648 1016 vidisset
1666 937 1819 1035 gloriam
1846 938 1904 1010 sui
1923 935 2054 1013 nivini
2070 941 2151 1012 Ma-

639 1023 664 1086 4·
800 1039 928 1132 gistri,
954 1039 1179 1113 exclamavit
1206 1066 1213 1108 :
1238 1041 1379 1113 bonum
1398 1049 1453 1110 est
1474 1061 1543 1110 nos
1564 1037 1628 1109 hlc
1660 1058 1749 1107 esse.

850 1131 971 1205 Omne
996 1134 1124 1208 odium
1150 1133 1425 1205 Pharisaeorum
1445 1156 1530 1228 erga
1555 1131 1748 1204 Christum
1767 1127 1941 1225 provenit
1960 1153 2010 1202 ex
2025 1152 2151 1200 amore

825 1229 970 1320 roprio,
1000 1253 1132 1324 nempe
1164 1253 1215 1300 ex
1241 1251 1365 1299 amore
1394 1227 1552 1319 propriae
1578 1220 1859 1314 aestimationis,
1886 1235 1923 1296 et
1947 1227 2082 1296 timore
2102 1247 2151 1292 ne

798 1251 897 1392 lianc
916 1321 1113 1418 perderent
1136 1322 1235 1418 apud
1261 1321 1457 1417 populum,
1481 1321 1512 1390 si
1534 1318 1705 1390 Christus
1727 1321 1811 1413 plus
1828 1319 1981 1392 honoris
2000 1330 2037 1390 et
2052 1319 2152 1390 esti-

798 1418 976 1488 mationis
1001 1445 1068 1512 per
1095 1443 1163 1488 sua
1184 1415 1363 1488 miracula
1385 1413 1484 1510 apud
1501 1414 1691 1509 populum·
1705 1414 1922 1508 acquireret.

604 1499 671 1550 ⁰⁰¹¹·
688 1514 734 1564 ¹9³
757 1515 780 1548 ¹·
848 1507 946 1579 Loth
969 1513 1023 1580 ita
1044 1511 1191 1582 amabat
1221 1509 1374 1582 domum
1401 1522 1438 1580 et
1471 1507 1665 1581 Sodomam
1696 1510 1853 1603 patriam
1884 1533 2009 1596 suam,
2029 1518 2073 1579 ut
2105 1507 2152 1578 ab

800 1603 967 1765 aggelig,
999 1603 1229 1701 apprehensa
1255 1605 1336 1697 ejus
1363 1602 1629 1697 manu,quasi
1650 1603 1840 1699 pervim,
1870 1603 1958 1676 inde
1985 1602 2152 1674 debuerit

801 1721 823 1764 a
849 1707 923 1766 stra
937 1721 977 1768 u.
1394 1763 1404 1775 ,

610 1806 632 1840 ¹·
657 1790 719 1904 {les-
736 1789 767 1855 l,
852 1789 935 1860 lleli
961 1792 1020 1862 ita
1051 1804 1131 1866 erat
1153 1791 1297 1890 alienus
1319 1791 1366 1862 ab
1382 1813 1506 1862 amore
1521 1791 1688 1904 propno,
1710 1805 1755 1864 ut
1777 1817 1855 1864 non
1871 1793 2010 1864 doleret
2027 1813 2153 1884 accep—

643 1871 684 1904 ¹'
802 1895 880 1968 tam
907 1885 1071 1980 cladem,
1104 1887 1234 1983 fugam
1266 1887 1448 1977 militum,
1474 1888 1670 1959 interitum
1708 1911 1863 1960 suorum
1883 1887 2086 1976 liberorum
2116 1897 2151 1956 et

587 2037 591 2045 .
802 1978 963 2074 demde,
985 1981 1047 2052 sed
1076 1985 1187 2055 unice
1209 1995 1353 2079 captam
1383 1969 1518 2054 ar‘cam.

608 2063 720 2178 “lssel·
745 2079 774 2132 7³
854 2075 1026 2167 Samuel,
1049 2077 1138 2150 dum
1159 2090 1237 2150 erat
1265 2074 1407 2174 judex,
1435 2079 1597 2172 reposito
1623 2077 1727 2148 omni
1744 2097 1868 2148 amore
1890 2070 2148 2172 prop1i0,ipse

678 2161 684 2176 '
806 2168 987 2242 circuibat
1007 2197 1094 2246 cum
1112 2197 1245 2268 magna
1264 2196 1331 2244 sua
1347 2173 1516 2244 molestia
1534 2195 1663 2244 omnes
1675 2172 1806 2256 urbes,
1828 2182 1872 2238 ut
1893 2169 2057 2266 singulos
2076 2169 2152 2241 ubi-

805 2289 879 2356 que
897 2264 1066 2357 audiret,
1082 2273 1209 2359 eisque
1221 2268 1283 2358 jus
1303 2263 1457 2349 diceret,
1469 2272 1506 2328 et
1517 2281 1539 2326 a
1549 2260 1700 2328 nemine
1715 2253 1835 2330 ullum
1848 2284 1986 2330 munus
2004 2262 2159 2350 accepit.

610 2353 685 2400 ³⁰³⁰·
703 2364 782 2414 ¹³¹²·
851 2356 965 2427 Jonas
988 2383 1152 2434 amorem
1173 2354 1332 2448 proprie
1356 2349 1447 2420 vitae
1473 2354 1526 2422 ita
1556 2351 1680 2440 exuit,
1703 2360 1748 2422 ut
1765 2375 1833 2446 pro
1859 2351 1975 2446 salute
1998 2373 2161 2427 suorum

804 2451 985 2516 comitum
1010 2463 1169 2520 mortem
1195 2443 1353 2537 elegerit.

609 2549 785 2612 2.c0r.12.,
853 2536 994 2608 Paulus
1012 2543 1065 2610 ita
1094 2540 1168 2610 fuit
1185 2561 1323 2634 expers
1343 2539 1479 2609 amoris
1500 2544 1660 2636 proprii,
1681 2551 1725 2612 ut
1740 2540 1785 2611 de
1817 2563 1854 2612 se
1874 2539 2009 2611 scribat
2028 2537 2156 2614 Corin·

644 2616 684 2679 ’Ψ
805 2626 922 2735 thiis:
947 2631 1101 2704 Paratus
1125 2657 1209 2706 sum
1230 2631 1421 2704 venire'ad
1437 2659 1529 2726 vos,
1551 2649 1588 2707 et
1602 2660 1681 2708 non
1701 2631 1764 2708 er'o
1782 2635 1904 2732 gravis
1926 2633 2046 2710 vobis.
2070 2631 2156 2708 Non

807 2746 907 2794 emm
941 2749 1096 2824 quaero,
1127 2749 1211 2823 quae
1232 2737 1359 2802 vestra
1378 2739 1489 2820 sunt,
1517 2729 1580 2800 sed
1601 2755 1680 2805 vos.
1738 2747 1743 2756 '

1195 2901 1237 2986 T
1255 2901 1274 2984 Ι
1293 2902 1335 2986 T
1354 2902 1397 2992 U
1418 2905 1455 2988 L
1476 2903 1519 2988 U
1547 2905 1576 2990 S
1639 2908 1680 2989 X
1696 2905 1754 3038 ll.

1329 3097 1489 3209 Angeli
1515 3098 1624 3180 boni.

403 3297 407 3306 ·
502 3325 506 3332 ι
610 3281 678 3334 0⁶¹¹·
696 3273 735 3330 ¹⁸·
807 3220 967 3378 Angeli
1009 3295 1262 3378 apparuerunt
1289 3281 1471 3378 Abrahae,
1505 3297 1542 3357 et
1584 3307 1783 3384 argaeum
1817 3313 1894 3362 sese
1923 3285 2155 3360 familialiter

804 3376 1030 3451 habuerunt.

612 3490 680 3540 Gen.
698 3503 736 3554 ¹9·
854 3471 965 3570 Apud
993 3471 1092 3546 Loth
1119 3472 1298 3583 hospitati
1324 3471 1479 3546 suerunt
1496 3473 1640 3570 angeli,
1660 3488 1697 3548 et
1720 3478 1827 3572 quasi
1844 3480 1943 3574 piam
1961 3475 1995 3548 ei
2010 3473 2158 3548 violen-

805 3569 898 3640 tiam
921 3567 1121 3660 facientes,
1145 3590 1271 3664 1psum
1306 3567 1352 3639 de
1383 3569 1548 3662 peticulo
1563 3584 1830 3644 extraxerunt.

614 3696 737 3745 Genu.
856 3663 1024 3754 Angelus
1050 3663 1202 3736 Domini
1228 3663 1380 3738 vocavit
1411 3663 1626 3758 Abraham,
1654 3677 1691 3738 et
1719 3665 1938 3761 prohibuit,
1964 3688 2012 3736 ne
2032 3661 2159 3735 filium

809 3755 1042 3844 immolaret,
1065 3769 1101 3826 et
1118 3782 1252 3850 magna
1273 3759 1307 3828 ei
1329 3769 1479 3852 propter
1503 3759 1751 3832 obedientiam
1767 3761 1946 3855 promisit.

615 3889 683 3940 nen.
697 3887 738 3936 ,g
858 3848 1019 3940 Fugiens
1035 3849 1147 3920 Jacob
1168 3853 1269 3923 Esau
1285 3851 1439 3924 lintrem
1461 3877 1596 3948 suum,
1612 3853 1708 3928 vidit
1727 3855 1874 3952 angelos
1897 3852 2156 3947 ascendentes,
2221 3947 2222 3958 ἵ

807 3947 846 4011 ‘et
876 3939 1139 4014 descendentes
1167 3970 1233 4039 per
1257 3946 1401 4016 scalam.

609 4073 676 4142 een.
699 4069 742 4120 3„
856 4033 1040 4142 Redeunti
1062 4037 1176 4110 Jacob
1198 4066 1220 4110 a
1235 4041 1388 4114 sevitio
1405 4041 1532 4113 Laban
1551 4041 1598 4114 ad
1607 4045 1709 4116 isaac
1726 4057 1870 4142 patrem
1882 4067 2011 4140 suum,
2030 4047 2156 4142 angeli

807 4129 867 4223 ei,
894 4129 1032 4206 scilicet
1055 4131 1101 4204 ad
1124 4133 1414 4234 protegendum,
1440 4137 1590 4218 obviam
1613 4151 1809 4220 venerunt.

2032 4233 2160 4328 Ange-
2220 4272 2221 4296 1
