4502 5484
438 349 707 438 TITULUS
733 345 852 432 XVI.
900 343 1206 434 Bacchanalia.
1464 387 1515 470 29

152 587 218 684 qui
237 585 282 658 ad
301 581 542 662 revelandam
562 580 807 683 indigentiam
837 578 1004 678 proximi
1033 595 1123 656 sunt
1149 594 1298 657 tenaces
1325 597 1361 659 et
1383 589 1516 683 pauci,

149 685 256 782 pouit
269 683 454 756 Dominus
475 678 691 774 exemplum
711 678 757 750 de
780 677 897 753 divite
917 677 1087 775 epulone.
1110 682 1159 752 Et
1186 695 1291 774 nota,
1312 683 1414 779 quod
1436 711 1516 759 non

149 779 338 878 parabola,
357 776 422 852 sed
439 777 600 850 historia
621 773 738 848 fuisse
759 774 924 848 videtur.
945 778 1039 846 Item
1062 787 1176 848 nota:
1199 779 1238 851 Si
1258 779 1312 852 ita
1329 781 1516 875 premitur

149 878 232 964 ille,
253 876 415 972 quinon
435 871 537 946 dedit
555 873 722 970 propria,
738 870 830 967 quid
850 871 915 942 liet
933 871 979 944 de
1001 871 1095 962 illis,
1115 874 1182 970 qui
1198 877 1352 971 rapiunt
1367 876 1514 949 alisna?
1598 919 1601 926 -

191 975 485 1046 Excusaverunt
498 995 554 1059 se,
571 993 619 1040 ne
634 968 734 1040 irent
750 966 797 1038 ad
813 991 985 1061 magnam
1000 991 1172 1060 coenam,
1192 970 1238 1042 ad
1254 997 1369 1068 quarn
1388 975 1513 1048 vocati
1530 995 1595 1052 Luc.
1614 999 1658 1066 aa.

150 1079 274 1162 eraut,
296 1079 482 1162 emptores
504 1065 621 1137 bourn
649 1075 687 1136 et
712 1063 917 1152 villarum,
941 1061 1082 1134 scilicet
1106 1066 1304 1139 mobilium
1327 1080 1364 1140 et
1383 1069 1515 1143 immo-

149 1167 285 1238 bilium
312 1163 601 1258 possessionum.
643 1157 743 1248 Quia
770 1183 868 1254 saepe
893 1183 960 1253 per
986 1156 1078 1229 talia
1113 1157 1287 1234 homines
1316 1187 1339 1234 a
1372 1164 1515 1238 coelesti

149 1261 266 1360 gloria
297 1255 556 1329 retrahuntur.

199 1354 395 1446 Pharisaei,
414 1352 601 1448 quierant
616 1349 738 1441 avari,
766 1345 961 1422 audientes
978 1349 1204 1422 monitiones
1223 1349 1395 1446 Domini,
1412 1353 1514 1450 quod
1531 1362 1595 1418 Luc.
1617 1366 1658 1420 ιθ·

150 1453 328 1526 deberent
343 1447 464 1520 facere
488 1447 626 1520 amicos
645 1445 690 1516 de
709 1450 921 1518 Mammona
934 1445 1086 1540 iniqu0‚
1110 1445 1329 1523 deridebant
1347 1451 1484 1546 ipsum.

91 1557 96 1566 '
197 1547 318 1622 Nimis
340 1543 559 1618 terribiliter
582 1541 657 1614 suit
679 1541 813 1638 punita
838 1543 996 1614 avaritia
1016 1543 1172 1616 Ananiae
1195 1555 1232 1614 et
1250 1545 1431 1643 Saplu'rae,
1446 1546 1594 1645 quibet
1614 1545 1640 1600 5.

149 1646 196 1720 de
222 1641 437 1742 pretioagri
454 1637 603 1714 venditi
624 1649 769 1734 partem
793 1638 1046 1710 retinuerunt.
1654 1677 1659 1690 =

197 1740 360 1834 Quidam
379 1737 617 1836 quaestuarii,
639 1734 966 1824 habentesunarn
992 1734 1155 1830 puellam
1176 1735 1470 1836 Pythonissam,
1493 1749 1593 1812 atet.
1620 1746 1663 1800 ιθ.

149 1867 226 1938 qua
244 1836 385 1910 Paulus
404 1833 513 1933 ejecit
531 1832 779 1922 daemonium,
802 1828 975 1904 videntes
987 1831 1089 1927 qu'od
1108 1831 1310 1908 amiserant
1326 1848 1517 1932 quaestum

152 1961 289 2025 suum,
317 1930 647 2030 apprehenderunt
663 1925 823 1999 Paulum
842 1939 879 1998 et
903 1925 1014 1998 Silam
1039 1931 1182 2002 socium
1210 1935 1313 2026 ejus,
1338 1943 1375 2004 et
1397 1931 1518 2006 duxe-

149 2042 243 2107 runt
267 2056 329 2102 eos
347 2030 394 2106 ad
417 2028 610 2121 Principes
633 2023 820 2112 civitatis,
846 2034 1064 2093 accusantes
1083 2047 1169 2116 eos,
1196 2027 1297 2121 quod
1323 2029 1516 2102 civitatem

148 2127 369 2211 turbarent,
381 2135 422 2194 et·
438 2145 560 2191 mores
579 2119 728 2191 illicitos
745 2117 981 2187 nunciarent.
998 2119 1234 2208 Magistratus
1248 2135 1372 2194 autem
1390 2123 1520 2195 scissis.

150 2219 306 2289 illorum
324 2215 487 2296 tunicis,
503 2212 680 2280 ,fecerunt
703 2234 766 2280 eos
782 2209 897 2296 caedi,
914 2212 1008 2281 etin
1029 2227 1213 2287 carcerem
1229 2219 1352 2310 mitti,
1374 2231 1410 2290 et
1427 2241 1516 2289 cum

152 2308 350 2401 diligentia
374 2301 568 2374 custodiri.

184 2394 608 2496 PauloapudEphesum
621 2390 868 2486 existente,et
878 2389 997 2462 multa
1007 2393 1188 2468 ndracula
1198 2397 1251 2468 ibi
1264 2395 1516 2491 faciente,De·
1534 2407 1598 2460 Aca
1617 2423 1668 2476 aa

147 2484 307 2576 inetrius
319 2492 473 2590 quidam
486 2485 736 2583 argentarius,
749 2481 889 2553 taciens
901 2484 998 2555 aedes
1011 2498 1202 2579 argenteas
1210 2493 1354 2584 Dianae,
1366 2507 1515 2587 praesta-

148 2598 214 2670 bat
221 2591 428 2668 artificibus
440 2611 517 2659 non
531 2582 720 2656 modicum
734 2591 933 2673 quaestum.
946 2580 1050 2668 Quos
1063 2605 1274 2662 convocans
1285 2585 1400 2678 dixit,
1412 2589 1518 2684 quod

148 2692 290 2767 Paulus
312 2685 493 2760 suadebat
519 2692 557 2754 et
583 2675 776 2754 avertebat
796 2673 979 2770 populum
995 2701 1018 2747 a
1034 2676 1140 2750 cultu
1158 2680 1347 2773 Deorum,
1363 2683 1488 2759 dicens
1506 2711 1521 2762 :2

150 2787 337 2879 Quoniam
349 2808 429 2856 non
442 2791 532 2854 sunt
543 2777 623 2868 Dii,
635 2775 702 2869 qui
714 2772 889 2842 manibus
901 2771 1018 2860 fiunt,
1029 2773 1092 2845 sed
1101 2773 1296 2850 daemonia.
1308 2781 1357 2852 Et
1369 2781 1422 2852 ita
1432 2793 1522 2855 tur*

148 2885 254 2960 bavit
267 2883 475 2971 civitatem,
494 2897 578 2974 quae
589 2868 744 2970 impleta
755 2882 811 2940 est
829 2867 1066 2963 confusione,
1089 2883 1125 2943 et
1141 2877 1326 2970 impetum
1344 2874 1518 2950 fecerunt·

150 3007 229 3054 uno
246 2981 373 3054 animo
385 2980 427 3050 in
444 2975 654 3060 theatrum,
668 2977 776 3060 rapto
788 2964 879 3061 Cajo
895 2977 932 3037 et
949 2966 1167 3042 Aristarcho
1182 2970 1382 3044 comitibus
1396 2973 1514 3046 Pauli.

199 3077 295 3148 Cum
310 3085 406 3146 esset
418 3070 558 3143 Paulus
578 3064 678 3161 apud
690 3061 847 3140 Felicem
860 3062 1218 3158 praesidenrvinctus
1231 3091 1252 3136 a
1268 3067 1290 3137 J
1294 3067 1517 3162 udaeis,tan-
1531 3073 1594 3128 Act
1614 3071 1664 3148 ²4«.
1706 3087 1710 3096 “

152 3194 267 3268 quam
283 3169 399 3240 bomo
416 3167 614 3238 Seditiosus
631 3173 668 3234 et
686 3158 841 3256 pestifer
852 3171 1048 3231 accusatus
1061 3214 1071 3252 ,
1083 3163 1253 3256 sperabat
1269 3162 1515 3259 Felix,quod

150 3265 311 3363 pecunia
335 3263 370 3331 ei
401 3262 555 3332 daretur
581 3255 755 3332 aPaulo„
775 3257 930 3352 Propter
955 3255 1057 3350 quod
1080 3254 1298 3353 frequenter
1323 3283 1519 3332 accersens.

151 3387 239 3434 eum
261 3358 386 3448 Felix,
408 3354 633 3448 loquebatur
648 3379 735 3425 cum
757 3377 812 3424 eo.
835 3354 989 3449 thuia
1007 3375 1086 3426 non
1102 3353 1154 3424 ita
1170 3353 1245 3426 suit
1259 3351 1422 3444 iactum,
1435 3355 1521 3449 ipse-

150 3455 273 3554 judex
287 3479 367 3527 uon
384 3448 547 3526 absoluit
568 3473 656 3520 eum
670 3499 688 3544 „
704 3447 768 3524 sed
784 3447 941 3547 reliquit
966 3471 1056 3520 eum
1077 3447 1191 3528 Festo¹
1206 3449 1412 3522 successori
1441 3468 1521 3528 suo.
1574 3541 1576 3548 y

147 3553 337 3643 uinctum.
809 3633 847 3722 B

815 3771 850 3842 tlt

590 3912 897 4002 TITULUS
940 3915 1086 4010 XVl‘..

682 4049 983 4138 ΒασεΙιαηαΙιά.

149 4183 320 4318 Omnis
346 4267 431 4316 caro
457 4255 672 4342 corruperat
696 4243 802 4319 'viam
835 4267 962 4324 suam,
988 4245 1146 4348 Propter
1171 4240 1274 4346 quod
1294 4242 1514 4323 iratusve*
1528 4266 1701 4326 mem
1738 4249 1740 4254 ’

143 4340 280 4422 minus
301 4340 404 4422 misit
423 4338 620 4420 'diluvium
641 4341 685 4418 in
710 4352 869 4422 tetta-m..
