4464 5464
440 443 710 540 TITULUS
756 445 934 540 CXXV.
975 443 1249 570 Paupertas?
1429 453 1515 540 235
1612 513 1619 524 ·

149 665 305 835 gentius
315 665 483 762 proillio,
495 688 689 764 quam‘pro
699 667 822 764 seipso
836 666 961 744 ortae
971 666 1134 746 videtur.
1146 666 1241 742 Nam
1259 665 1390 776 positis
1408 665 1515 764 geni-

176 784 222 833 us
235 759 411 840 clamavit
421 789 515 840 voce
526 761 662 859 magui
672 762 989 840 dioenezDomine
999 789 1049 837 ne
1060 774 1202 838 statuae
1214 761 1289 840 illie
1300 761 1374 836 hoc
1384 786 1514 858 pecca-

147 864 243 927 tum.
257 855 378 931 Orane
394 872 521 934 autem
533 883 601 954 pro
613 883 651 930 se
661 911 671 948 ,
682 883 760 932 non
770 857 907 954 legitur
918 883 1040 955 genua
1050 859 1222 954 flexisse,
1235 883 1304 932 nac
1321 856 1513 932 clamasse.

173 949 338 1028 ¹Paulus
373 969 411 1029 et
432 955 525 1028 Silae
597 953 660 1027 siti
689 950 850 1028 induro
880 979 1044 1052 carcere,
1068 953 1193 1032 media
1219 965 1329 1058 noete
1355 953 1513 1029 orabant
1527 981 1619 1039 Actor.
1642 988 1685 1042 16«

90 1051 93 1056 “
147 1043 357 1126 Dominum
383 1063 421 1126 et
440 1047 552 1123 lauda
600 1059 655 1122 nt
744 1101 746 1106 ·
1377 1105 1381 1112 Α

567 1226 901 1317 TITULUS
944 1231 1156 1318 CXXV.

700 1401 949 1518 Paupertas.

144 1537 387 1669 patriarcba
410 1591 744 1666 Jacobraeedensa
764 1596 984 1690 parentibus
1007 1597 1103 1688 suis,
1126 1607 1163 1668 et
1186 1619 1255 1692 per
1277 1621 1343 1672 ens
1365 1599 1412 1672 ad
1436 1600 1508 1674 La-
1525 1607 1648 1663 ecana

140 1692 217 1763 ban
251 1689 405 1764 fratrem
444 1712 522 1762 suae
541 1690 711 1781 matris,
737 1715 806 1762 nec
840 1692 1008 1782 animal,
1043 1713 1113 1763 nec
1147 1689 1223 1764 fam
1269 1719 1333 1766 um
1371 1695 1509 1792 legitur

141 1785 339 1879 habuisse,
357 1781 421 1857 sed
441 1782 486 1858 in'
504 1784 638 1858 ba'oulo
657 1809 726 1859 suo
745 1786 895 1862 transiit
921 1785 1133 1861 Jordanem.
1157 1787 1206 1858 Et
1264 1787 1396 1866 uadam
1423 1792 1507 1864 vice

141 1879 274 1966 volens
300 1882 531 1975 requiescere
558 1891 642 1976 post
666 1881 753 1984 solie
783 1879 1016 1975 occubitum,
1044 1881 1133 1956 tulit
1166 1879 1213 1954 de
1234 1813 1439 1982 lapidibus,
1468 1899 1506 1960 et

142 1999 358 2074 supponens
381 1975 494 2070 capiti
516 2000 611 2068 suo,
637 1973 817 2049 dormivit
843 1979 886 2048 in
913 1977 1042 2049 eodem
1072 1977 1165 2050 loco.
1307 2012 1311 2016 ·
1698 2037 1700 2042 ,

156 2147 159 2166 ¹
188 2073 340 2168 Moyses
355 2069 527 2167 pascebat
541 2093 631 2144 oves
654 2067 786 2142 Jethro
804 2073 922 2144 soceri
942 2070 1227 2160 suiaacerdotie
1246 2071 1406 2145 Madian.
1433 2074 1505 2148 Per
1519 2083 1604 2140 Exod·
1619 2087 1646 2141 ³·

140 2165 244 2265 quod
266 2164 436 2258 videtur,
460 2165 562 2261 quod
584 2165 751 2261 proprias
773 2191 852 2238 non
874 2165 1053 2258 habebat,
1071 2165 1139 2262 qui
1159 2166 1332 2261 pascebat
1349 2167 1499 2242 alienas.

188 2259 293 2334 lluth
310 2260 482 2334 Moabitis
499 2285 578 2333 non
592 2260 742 2356 magnis'
756 2259 901 2334 divitiis
919 2259 1153 2353 abundabat,
1180 2261 1331 2356 quando
1351 2263 1431 2338 ibat
1452 2262 1502 2354 ad
1520 2283 1602 2337 nuit.
1620 2274 1652 2340 a.

25 2401 33 2408 -
136 2354 388 2453 colligendum
406 2355 642 2454 spicas,quae'
653 2356 877 2445 metentium
895 2379 1030 2428 manua
1043 2353 1234 2451 fugerant,
1252 2375 1337 2452 quae
1355 2356 1402 2431 ad
1419 2382 1501 2432 ma-

126 2477 214 2539 ·nus
236 2477 442 2550 pauperum
467 2450 714 2548 pertinebant.
1058 2481 1087 2528 ‘.

183 2547 277 2621 Uno
287 2559 405 2645 puero
414 2559 613 2622 contentus
625 2547 815 2640 Saul,ivit
826 2547 915 2621 satis
931 2545 1041 2644 longe
1052 2545 1098 2622 ad
1110 2543 1357 2644 quaerendum
1373 2548 1496 2626 asinas
1519 2571 1543 2611 ¹·
1558 2558 1622 2630 aeg.
1634 2575 1662 2631 o

136 2644 253 2743 patris
270 2645 339 2716 aui.
360 2641 473 2716 Unde
486 2645 565 2742 ipse
576 2644 665 2718 Saul
682 2642 781 2717 dixit
796 2656 925 2754 postea
939 2643 1117 2737 samueli,
1132 2643 1234 2739 quod
1245 2645 1415 2740 cognatio
1427 2671 1495 2721 sua

135 2751 215 2815 erat
238 2740 395 2824 minima
411 2739 513 2814 inter
537 2765 667 2814 omnes
689 2737 851 2813 familias
878 2741 1000 2814 tribus
1024 2740 1232 2840 Benjamin.

180 2835 363 2918 Minimus
381 2846 460 2909 erat
470 2835 593 2912 David
612 2839 715 2910 inter
730 2835 829 2909 filios
842 2838 960 2932 patria
976 2835 1050 2930 sui,
1066 2836 1119 2909 ita
1160 2835 1253 2929 uod,
1270 2836 1421 2932 quando
1437 2835 1499 2912 Sa·
1513 2863 1534 2900 ¹·
1554 2848 1618 2917 Rei·
1635 2849 1675 2904 ιδ»

134 2930 236 3005 muel
257 2931 364 3024 ¹ve'nit
385 2928 433 3004 ad
459 2931 869 3030 inungendumunum
898 2957 948 3005 ex
974 2929 1063 3005 filiis
1089 2862 1178 3022 lod,
1206 2931 1330 3006 David
1347 2945 1427 3008 erat
1453 2935 1509 3026 in¹
1547 2921 1629 3026 “f''
1671 3020 1687 3030 ,ἵ

135 3027 301 3128 pascus,
322 3051 393 3097 nec
413 3029 456 3096 in
474 3029 660 3123 principio
681 3042 839 3104 vocatus
857 3027 948 3121 fuit,
969 3028 1079 3124 quasi
1097 3025 1241 3104 nullius
1263 3041 1360 3103 esset
1380 3055 1495 3128 repu-

134 3115 299 3190 tationis.
320 3115 482 3204 Deinde,
500 3139 588 3188 cum
610 3121 745 3190 fratres
767 3125 850 3213 ejus
872 3134 997 3192 essent
1017 3124 1060 3193 in
1081 3123 1270 3213 exercitu,
1285 3125 1389 3196 misit
1405 3151 1494 3200 eum

136 3222 244 3310 pater
265 3231 356 3280 suus
378 3219 559 3280 onustum
585 3210 833 3303 victualibus3
856 3211 1174 3286 all-deferendum
1194 3213 1281 3287 illis.
1438 3297 1441 3304 ,
1631 3300 1634 3306 ,

185 3309 357 3402 Magnam
386 3300 584 3402 penuriam
611 3302 823 3401 patiebatur
849 3303 980 3398 Elias,
1013 3307 1165 3403 quando
1190 3309 1298 3403 petiit
1324 3335 1348 3382 a
1374 3309 1494 3386 vidua
1505 3321 1534 3386 ‘a
1548 3335 1611 3406 aeg.
1624 3355 1663 3411 η.
1696 3339 1715 3396 ,·

134 3403 222 3478 Sare
247 3410 415 3494 tana,ut
436 3395 542 3470 daret
556 3397 591 3471 ei
610 3397 809 3495 paululum
829 3423 956 3495 aquae,
978 3412 1016 3472 et
1039 3399 1244 3475 buccellam
1265 3403 1384 3498 panis.
1758 3419 1760 3428 ’

182 3428 269 3572 Filii
289 3493 566 3594 prophetarum-
581 3494 652 3566 aub
668 3492 803 3602 Elisaeo
824 3495 866 3566 in
893 3517 1027 3590 magna
1048 3507 1265 3592 paupertate
1287 3497 1491 3595 vivebant,
1507 3526 1534 3594 4.
1554 3529 1618 3600 Rea·
1631 3532 1659 3599 4„

135 3595 203 3698 qui
213 3617 348 3690 parum
369 3590 416 3665 de
463 3613 534 3662 ane
556 3602 594 3662 et
615 3586 821 3686 insipidum
843 3587 1083 3684 pulmentum
1101 3588 1299 3663 habebant.

182 3691 294 3762 Anna
310 3713 411 3762 uxor
427 3619 554 3762 'lobio
575 3686 654 3760 ibat
672 3684 719 3757 ad
737 3686 952 3783 ¹textrinum
974 3709 1068 3782 opus
1090 3683 1267 3785 quotidie.
1291 3686 1364 3760 Per
1388 3689 1490 3784 quod
1506 3703 1574 3758 rob.
1588 3720 1613 3786 ²:
1634 3706 1661 3776 4.

132 3785 303 3878 videtur,
328 3781 412 3858 illos
433 3806 614 3883 pauperes
632 3779 768 3874 fuisse,
793 3781 861 3879 qui
881 3803 951 3855 nec
978 3781 1105 3878 ipsum
1125 3781 1421 3856 instmmentum
1441 3782 1489 3858 ad

132 3877 519 3980 texendum-possent
543 3879 586 3951 in
608 3876 720 3952 domo
743 3903 811 3952 sua
838 3888 976 3954 tenere.
1013 3876 1125 3954 Unde
1150 3875 1285 3956 Tobiae
1313 3877 1392 3954 filio
1418 3895 1488 3956 suo

134 3974 256 4049 dixit:
273 3973 358 4050 Noli
378 3977 511 4050 timere
525 3973 581 4048 fili
602 3976 670 4068 mi,
692 3999 893 4074 pauperem
915 3973 1067 4087 quidem
1092 3975 1212 4050 vitam
1232 3976 1395 4074 gerimus
1418 3989 1485 4050 etc.

182 4069 269 4144 Filii
294 4069 578 4146 Rechabitarum
602 4070 732 4146 domos
759 4095 839 4148 non
864 4070 1113 4167 aedificabant,
1138 4093 1264 4146 semen
1285 4095 1365 4145 non
1386 4099 1486 4148 sere-
1501 4091 1598 4150 senm.
1620 4094 1663 4155 35.

131 4169 225 4242 bant
256 4165 387 4242 vineas
407 4193 484 4241 non
502 4166 707 4268 habebant,
728 4168 866 4268 vinum
889 4193 970 4247 non
990 4168 1183 4266 bibebant,
1208 4165 1273 4246 sed
1297 4169 1340 4263 iu
1361 4171 1486 4263 taber-2
1525 4261 1529 4270 1

130 4223 275 4342 nacula
291 4261 521 4361 habitabant.
739 4257 756 4270 “

871 4355 875 4362 ’
979 4359 1108 4460 Gga
