4310 5472
463 317 735 478 TlTULllS
769 385 863 477 LV.
893 387 1130 477 Fortitudo.
1240 391 1246 398 ’
1395 415 1479 480 '101¹

171 615 280 688 Dixit
295 615 404 690 Galeb
422 615 469 689 ad
488 617 616 690 Josue:
636 615 824 711 octoginta
846 613 1013 713 quinque
1032 639 1229 687 annorum.
1241 639 1323 688 sum
1343 614 1623 710 hodie,toeu014.

122 712 177 782 sic
193 710 339 803 valens,
357 727 400 786 ut
419 740 462 786 eo
480 711 649 787 valebam
667 728 834 810 ternpore
854 712 1005 808 quando
1026 709 1074 782 ad
1095 709 1369 805 explorandum
1387 713 1476 784 mis·

122 829 189 878 sus
213 831 316 898 sum,
337 809 439 882 illius
460 811 504 880 in
523 833 583 880 me
604 812 781 904 temporis
804 807 986 880 fortitudo
1009 817 1230 973 perseverat.

171 899 252 972 Aod
278 902 300 974 J
304 903 405 976 udex
431 917 469 975 et
493 905 665 1000 princeps
690 904 877 976 exercitus
908 904 1008 975 Israti
1055 903 1097 974 in
1111 975 1115 990 ,
1128 900 1252 974 fronte
1284 902 1474 997 gradiens,
1490 936 1576 990 tuuc.
1599 937 1626 989 t.

116 994 223 1086 ,dixit
253 997 299 1067 ad
336 998 533 1094 populum:
561 999 767 1094 Sequimini
795 1025 870 1089 me,
902 995 1056 1072 tradidit
1082 996 1266 1070 Dominus
1302 1000 1474 1074 inimicos

121 1103 272 1163 nostros
295 1093 337 1162 in
356 1119 490 1164 manus
512 1106 669 1164 nostras.

172 1184 340 1256 Gedeoni
358 1187 459 1258 dixit
481 1188 664 1281 Angelus:
692 1189 876 1260 Dominus
898 1197 1040 1276 tecum,
1062 1187 1234 1261 virorum
1255 1186 1577 1281 fortissimarum.
1597 1213 1625 1264 s.

123 1291 162 1350 et
184 1289 288 1372 post:
307 1279 425 1372 Vade,
447 1283 488 1354 in
509 1275 581 1354 bac
601 1283 823 1371 tortitudine
844 1281 1123 1372 tua,.liberabis
1146 1282 1259 1352 lsrael
1287 1280 1332 1352 de
1359 1308 1477 1356 manu

124 1371 286 1444 Madian.
317 1373 486 1473 Cumque
514 1378 576 1450 ille
602 1405 640 1452 se
662 1379 857 1452 humiliter
883 1389 1098 1466 excusaret,
1119 1373 1279 1466 audivit:
1307 1377 1385 1472 Ego
1412 1403 1475 1449 ero

123 1481 268 1556 tecum,
291 1482 327 1541 et
353 1474 536 1566 percuties
560 1472 726 1564 Madian,
752 1475 861 1569 quasi
881 1473 1010 1547 virmn
1032 1497 1163 1542 unum.

169 1565 232 1634 Ex
254 1579 438 1662 praecepto
464 1569 619 1641 Domini
639 1568 738 1642 dixit
757 1569 910 1641 Gerleon
933 1568 1133 1640 exercitui:
1156 1567 1231 1655 Qui
1259 1565 1625 1638 formidolositas.

121 1685 186 1730 sus
208 1668 264 1728 est
294 1673 331 1732 et
360 1663 532 1754 timidus,
558 1677 783 1740 revertatur.
814 1663 1005 1738 Tercentis
1042 1663 1143 1734 enim
1174 1661 1290 1753 viris,
1317 1661 1475 1756 pulchro

122 1766 397 1850 stratagemate,
421 1759 640 1833 Madianitas
664 1761 768 1833 vidit.
803 1789 810 1802 ¹
874 1784 876 1790 ·

168 1851 326 1921 Samson
352 1851 500 1926 leonem
525 1857 700 1928 manibus
724 1856 878 1928 inermis
894 1851 1095 1926 laceravit:
1118 1855 1167 1925 Et
1189 1861 1272 1949 post
1297 1851 1370 1924 hoc
1391 1877 1475 1949 ope-
1493 1869 1579 1924 tuate.
1598 1872 1639 1939 rs.

121 1968 164 2014 ra
185 1943 419 2020 fortitudinis
444 1949 563 2022 multa
586 1949 692 2042 fecit,
720 1963 764 2022 ut
792 1961 894 2045 patet
915 1973 992 2044 cap.
1022 1947 1080 2036 15,
1111 1947 1163 2020 16.
1402 1959 1406 1968 '

170 2037 336 2112 Audiens
351 2043 438 2114 Saul
454 2043 684 2117 obsidionem
702 2045 873 2118 virorum
887 2041 989 2114 labes
1007 2042 1164 2134 Galaad,
1183 2041 1358 2116 audacter
1372 2055 1409 2115 et
1425 2041 1475 2114 ef·
1494 2078 1518 2110 ι.
1541 2062 1604 2128 neg.
1628 2075 1675 2112 n..
1723 2061 1725 2064 ·

123 2131 288 2200 ficaoiter
313 2148 350 2204 et
384 2137 606 2210 festinanter
627 2139 812 2211 succurrit
833 2139 895 2209 eis.
1485 2169 1491 2177 “

173 2224 295 2295 David
315 2227 357 2296 in
378 2231 539 2322 pueritia
557 2257 625 2299 suo
641 2233 789 2300 fortiter
808 2234 1019 2321 superavit,
1037 2241 1073 2302 et
1096 2229 1285 2303 interfecit
1309 2231 1474 2326 leonem,
1494 2262 1517 2295 1·
1530 2247 1592 2313 aeg.
1610 2261 1654 2314 ¹7·

123 2330 160 2390 et
181 2345 330 2410 ursum,
355 2335 392 2393 et
414 2320 567 2392 Goliath
590 2321 840 2394 Plrilistaeum.

79 2433 84 2442 ·
169 2415 264 2486 Item
285 2416 407 2490 David
431 2420 537 2488 venit
560 2441 645 2487 cum
669 2441 749 2486 uno
775 2413 892 2486 milite
914 2414 961 2486 ad
987 2426 1107 2487 castra
1134 2415 1240 2505 Saul,
1261 2427 1299 2488 et
1319 2417 1476 2490 intravit
1495 2429 1518 2462 ¹·
1533 2415 1654 2481 ΨΒ·

121 2509 327 2582 tentorium
357 2513 456 2605 ejus,
481 2509 569 2582 tulit
591 2509 738 2582 hastam
765 2519 801 2579 et
833 2523 980 2580 scutum
1009 2512 1100 2603 ejus.

169 2603 282 2676 Pueri
309 2604 507 2678 duodecim
539 2631 589 2678 ex
613 2603 811 2694 isboseth,
833 2614 870 2674 et
895 2601 1092 2702 duodecim
1120 2629 1170 2674 ex
1201 2617 1305 2698 parte
1336 2605 1475 2697 David,
1494 2629 1519 2664 2·
1533 2613 1596 2680 aeg.
1610 2627 1640 2696 ²:

119 2697 350 2794 apprehenso
369 2700 631 2796 unusquisque
654 2702 773 2796 capite
796 2699 978 2792 comparis
998 2697 1073 2790 sui,
1094 2697 1227 2772 defixit
1248 2697 1412 2792 gladium
1433 2704 1475 2774 in

118 2794 218 2866 latus
244 2796 442 2887 contrarii,
466 2809 503 2866 et
524 2794 739 2868 ceciderunt
767 2793 888 2866 simul.

166 2891 407 2966 Desiderantc
418 2905 455 2963 et
476 2903 623 2986 petente
644 2888 768 2963 David
791 2888 837 2960 ‹le
855 2913 953 2984 aqua
970 2885 1386 2978 c'isternaeBetlrlehem,
1398 2901 1474 2963 tres
1492 2910 1518 2946 ²·
1532 2897 1596 2966 aeg.
1611 2898 1661 2952 ²³·-

118 2984 234 3058 sortes
252 2988 389 3060 milites
407 2987 530 3062 David
550 2996 802 3082 perruperunt
823 2998 944 3058 castra
961 2984 1267 3077 Philistinorum,
1289 2996 1326 3056 et
1344 2985 1475 3080 attule-

121 3091 213 3150 runt
240 3082 274 3148 ei
296 3081 341 3149 de
368 3106 466 3168 aqua
486 3081 560 3151 illa.

168 3171 335 3242 Viriliter
357 3197 377 3242 e
403 3173 431 3244 't
448 3174 564 3266 Jehu,
580 3177 795 3270 percutiens
814 3173 908 3246 duos
929 3199 1049 3268 reges,
1067 3189 1105 3248 et
1123 3176 1257 3248 fratres
1281 3173 1593 3268 Ochoziae,t·1³ee·
1615 3201 1650 3251 a*

121 3277 157 3337 et
170 3263 265 3336 filios
277 3263 381 3334 Acba
412 3280 469 3354 ,et
480 3267 679 3362 prophetas
695 3267 785 3338 Baal
802 3269 936 3340 occidit
947 3275 989 3339 in
1003 3269 1246 3341 multitudine
1262 3291 1471 3340 numerosa.
1523 3256 1550 3296 ‘t
1574 3268 1615 3300 ¹⁰·

170 3359 266 3431 Cum
284 3381 418 3450 magna
436 3362 655 3432 strenuitate
680 3361 811 3448 lojado
836 3361 1014 3434 Pontifex
1032 3364 1168 3456 eripuit
1190 3384 1347 3456 regnum
1375 3360 1472 3431 luda
1488 3367 1514 3433 t·
1528 3371 1590 3436 neg.
1608 3390 1648 3424 ¹¹·

121 3456 167 3527 de
187 3479 304 3525 rnanu
326 3448 503 3540 Athaliae,
521 3463 558 3521 et
578 3451 664 3522 Joas
686 3451 731 3522 de
752 3478 882 3544 genere
900 3455 1023 3526 David
1042 3457 1244 3548 parvulum
1268 3455 1469 3526 coronavit.

170 3547 263 3619 Joad
289 3545 392 3616 lilius
420 3544 573 3633 Sarviae,
601 3543 676 3614 fuit
705 3547 874 3638 princeps
905 3559 942 3615 et
971 3545 1054 3618 dux
1082 3549 1288 3630 exercitiis,
1317 3546 1406 3636 quia
1429 3546 1471 3616 in
1491 3561 1665 3620 arantur..

79 3687 90 3704 κ
120 3641 252 3743 primis
275 3641 458 3736 percussit
481 3633 713 3730 Jebusaeum,
735 3638 803 3734 qui
823 3637 1014 3710 habitabat
1039 3639 1082 3709 in
1107 3638 1333 3726 Jerusalem,
1358 3641 1471 3710 etita

123 3747 302 3812 statuerat
325 3733 458 3806 David.
1169 3751 1175 3764 ‘

169 3831 276 3904 Dixit
297 3827 466 3900 Neemias
481 3829 721 3925 optimatibus
742 3841 780 3902 et
796 3828 1070 3925 magistratibus
1088 3821 1302 3899 Judaeorum
1313 3851 1326 3894 :·
1338 3826 1467 3922 Surga-
1485 3849 1509 3884 2·
1527 3835 1588 3888 Esd-
1605 3854 1638 3890 2-

120 3953 206 4001 mus
229 3939 265 3998 et
286 3923 521 3997 aedificemus
551 3927 600 3996 Et
628 3923 846 3997 confortatio
869 3936 958 3998 sunt
987 3949 1120 3996 manus
1147 3944 1277 3994 eorum
1294 3921 1336 3993 in
1357 3922 1465 3994 bono.

170 4020 255 4092 Filii
278 4020 610 4114 transmigrationis
637 4017 862 4092 edificantes
881 4045 1033 4092 murum
1053 4020 1104 4094 ¹in
1130 4017 1290 4090 circuitu
1317 4017 1468 4090 Jerusa-
1484 4040 1509 4075 ²·
1527 4026 1589 4078 fed·
1605 4027 1640 4095 t-

120 4116 211 4207 lem,
239 4140 315 4186 una
337 4140 452 4186 manu
474 4113 657 4188 faciehant
680 4141 789 4210 opus,
812 4128 848 4187 et
870 4116 986 4188 altera
1005 4115 1182 4187 tenebant
1203 4113 1377 4208 gladium.

169 4209 318 4288 Inimici
338 4209 502 4290 liliorum
530 4211 866 4310 transmigrationis
880 4211 1083 4288 ‘terrebant
1102 4235 1164 4285 eos
1186 4210 1302 4288 rarus
1328 4207 1467 4302 modis,
1485 4239 1511 4276 2.
1532 4225 1594 4280 aad.
1610 4227 1645 4298 s,
