4498 5462
188 368 194 380 ·
348 417 611 510 TITULUS
646 415 886 511 LXXXIX.
915 418 1134 536 Lacrymae
1163 443 1206 507 et
1231 423 1384 509 fletus..
1456 423 1531 510 165

229 647 368 718 Tobiae
388 644 628 720 manducavit
654 671 788 741 panem
809 669 895 720 cum
914 643 1021 716 luctu
1037 655 1074 715 et
1094 645 1620 738 tremore,quiacorpusr01‚.
1641 688 1665 725 2,

136 813 138 818 s
177 741 336 838 jugulati
359 735 521 833 proximi
539 743 579 812 in
600 741 711 813 domo
728 741 905 829 habebat,
929 741 1029 834 quod
1059 753 1168 810 nocte
1198 740 1350 834 sepelire
1379 739 1535 812 volebat.

226 840 358 908 Postea
381 837 518 908 auditis
548 837 784 909 sermonibus
813 836 970 924 uxoris,
995 837 1198 930 ingemuit,
1224 849 1261 908 et
1287 836 1402 930 ooepit
1433 850 1667 906 oraremus.

178 954 264 1003 cunr
294 932 480 1028 lacrymis.
1278 1005 1286 1024 Ι

226 1029 314 1099 Sara
337 1027 414 1098 filia
432 1026 619 1119 Raguelis,
638 1025 770 1096 audita
794 1025 841 1094 ab
864 1025 998 1096 ancilla
1022 1027 1126 1114 gravi
1147 1026 1395 1116 contumelia,
1415 1026 1538 1096 oravit
1555 1041 1663 1094 Eodem.

178 1120 224 1191 ad
235 1123 436 1193 Dominum
455 1145 539 1190 curn
556 1119 751 1215 lacrymis,
768 1131 811 1190 ut
830 1120 876 1190 ab
899 1120 964 1189 illo
982 1123 1205 1214 improperio
1224 1147 1304 1192 eam
1324 1121 1507 1192 liberaret.

227 1217 325 1286 Cum
354 1214 563 1285 recessisset
590 1239 613 1282 a
637 1215 854 1308 parentibus
882 1216 959 1283 suis
986 1215 1119 1285 Tobiae
1144 1217 1290 1308 junior,
1313 1217 1425 1310 coepit
1446 1215 1537 1290 flere
1554 1229 1622 1280 Tob·
1640 1227 1668 1279 ⁵·
1742 1287 1748 1302 ,

178 1321 303 1381 mater
322 1311 420 1402 ejus,
436 1319 471 1378 et
488 1306 586 1378 dixit
604 1333 611 1376 :
631 1307 806 1379 baculum
831 1311 1032 1378 senectutis
1056 1322 1191 1378 nostrae
1209 1309 1339 1381 tulisti.

230 1407 369 1474 Moram
394 1401 551 1474 faciente
571 1403 704 1492 Tabia,
727 1403 832 1473 llevit
855 1415 973 1474 mater
998 1405 1085 1496 ejus
1102 1402 1458 1477 irremedicabilibus
1482 1408 1691 1477 la-Tob·1o·.

180 1500 339 1592 orymis,
361 1509 474 1590 atque
498 1498 670 1568 dicebat:
697 1500 779 1568 Heu
793 1495 921 1586 mihi,
942 1497 997 1568 fili
1018 1501 1089 1587 mi,
1109 1509 1152 1568 ut
1185 1497 1276 1591 quid
1300 1509 1336 1568 te
1364 1502 1536 1572 misimus

176 1593 403 1685 peregrinari
425 1591 552 1662 lumen
576 1592 770 1663 oculorum
790 1594 1004 1663 nostrorum
1025 1588 1123 1663 etc?
1196 1659 1202 1670 ,

225 1685 367 1780 Raguel:
383 1709 607 1779 cognoscens
620 1687 772 1760 Tobiam
796 1687 1006 1779 juniorem,
1033 1711 1120 1758 oum
1146 1685 1324 1781 lacrymis
1347 1688 1535 1761 osculatus
1553 1704 1621 1754 rob.
1642 1721 1677 1772 7·-

177 1790 232 1852 est
251 1807 360 1869 euni,
383 1793 419 1851 et
442 1781 602 1874 ploravit
625 1808 669 1852 su
716 1809 736 1857 r
760 1780 897 1852 collum
923 1783 1016 1873 ejus.
1154 1851 1158 1856 ,
1387 1831 1395 1850 .

225 1875 391 1945 Veniens
407 1876 569 1946 Gabelus
593 1876 639 1946 ad
683 1903 810 1949 omum
831 1876 1066 1970 Raguelis,et
1085 1875 1219 1950 videns
1239 1877 1392 1948 Tobiam
1408 1879 1620 1974 junia-rob·
1647 1906 1684 1957 9⁸,-

177 1993 256 2042 rem
278 1967 595 2057 discumbentem,
617 1969 722 2042 flevit
745 1984 782 2040 et
804 1969 997 2042 benedixit
1024 1998 1120 2044 eum.

227 2065 426 2157 Exurgens
439 2087 562 2135 ooecus
578 2065 731 2154 Tobios,
743 2066 904 2136 occurrit
916 2063 994 2135 filio
1005 2091 1073 2137 suo
1084 2065 1271 2154 redeunti,
1283 2077 1320 2135 et
1332 2068 1537 2158 suscipiens
1553 2074 1623 2123 rou.
1640 2097 1691 2134 n·-

180 2158 369 2230 osculatus
388 2169 445 2228 est
464 2183 550 2228 eum
569 2174 654 2230 cum
673 2183 793 2228 uxore
814 2183 903 2247 sua,
919 2171 956 2229 et
971 2173 1165 2252 coeperunt
1186 2158 1275 2228 flere
1295 2183 1371 2250 prae
1393 2159 1539 2252 gaudio,

229 2253 324 2324 Cum
342 2252 578 2346 exposuisset·
591 2251 730 2323 Acbior
744 2251 888 2339 omnia,
899 2275 984 2344 quae
999 2253 1147 2323 dixerat
1163 2251 1400 2338 Holofernes,
1418 2255 1539 2323 oannis
1558 2252 1651 2306 suun
1667 2255 1705 2304 ἃ*
1822 2337 1827 2344 .

178 2347 340 2444 populus
370 2349 565 2418 communi
591 2346 857 2419 lamentatione
882 2357 920 2416 et
953 2345 1067 2436 fletu,
1091 2347 1288 2417 unanimes
1314 2367 1451 2440 preces.
1466 2347 1544 2416 Do·

178 2443 284 2514 mino
311 2439 534 2512 effuderunt:
1022 2499 1027 2510 .

227 2537 363 2609 Factus
386 2547 446 2607 est
469 2534 578 2608 fletus
604 2547 642 2608 et
663 2534 832 2607 ululatus
850 2557 1008 2627 maguus
1034 2537 1075 2602 in
1101 2534 1281 2622 Ecclesia,
1308 2560 1377 2624 per
1404 2533 1541 2606 multas
1561 2551 1717 2622 Judtsh.7..

178 2631 292 2705 boras
303 2657 379 2702 una
390 2641 500 2702 nocte
520 2632 778 2705 clamaverunt
797 2625 843 2698 ad
861 2629 1085 2720 Dominum,
1100 2625 1264 2699 dicentes
1277 2652 1285 2696 ;
1298 2627 1545 2700 Peccavimus·

177 2751 264 2800 cum
292 2727 460 2823 patribus
485 2729 635 2798 nostris.
944 2791 948 2798 ,
1570 2807 1571 2810 ¹

226 2825 334 2894 Stetit
361 2819 495 2895 Judith
520 2822 773 2895 anteactum
801 2817 1012 2892 Holofernis
1039 2843 1150 2890 orans
1173 2843 1260 2891 cum
1289 2818 1468 2914 lacrymis
1496 2829 1541 2890 ut
1556 2820 1651 2873 sunu
1681 2823 1735 2873 ¹³·-

175 2919 278 2991 Deus
295 2919 350 3008 id,
362 2915 463 3013 quod
484 2919 682 3010 cogitabat,
698 2913 873 3011 perficere
895 2915 1122 3009 dignaretur.

227 3013 323 3083 Cum
344 3013 508 3081 audisset
525 3011 782 3083 Mardocbaeus
802 3012 972 3104 iniquam
989 3009 1220 3081 sententiam·
1239 3019 1371 3081 contra
1389 3007 1411 3080 J
1413 3007 1541 3084 udaeos
1558 3009 1633 3074 mah.
1651 3007 1692 3075 ts·

178 3104 387 3198 prolatam,
405 3101 515 3170 scidit
540 3108 765 3173 uestimenta
790 3127 857 3172 sua
888 3117 924 3173 et
955 3103 1113 3172 indutus
1141 3118 1196 3173 est
1221 3129 1351 3191 sacco,
1367 3129 1543 3195 spargens

182 3197 344 3267 cinerm
358 3192 470 3286 capiti
482 3217 568 3279 suo,
577 3205 613 3263 et
623 3218 709 3264 cum
722 3198 755 3285 ej
761 3191 865 3262 ulatu
876 3195 1038 3262 clamans
1054 3195 1171 3262 animi
1183 3197 1243 3265 sui
1254 3196 1543 3269 amaritudinem

181 3286 410 3365 ostendebat.
429 3285 474 3353 In
494 3287 669 3356 omnibus
687 3308 838 3379 quoque
857 3284 1075 3380 provinciis,
1097 3283 1145 3354 ad
1163 3309 1256 3376 quas
1280 3285 1428 3356 crudele
1446 3290 1544 3378 regis

180 3385 316 3480 dogma
337 3388 577 3543 perverfrlerat,
602 3379 774 3473 planctus
790 3380 921 3472 iugens
943 3389 1022 3448 erat
1039 3377 1138 3472 apud
1157 3378 1323 3468 ludaeos,
1339 3379 1558 3472 jejunium,

181 3481 351 3554 ululatus
395 3488 433 3547 et
489 3484 581 3544 etus.

231 3531 435 3666 Postqriam
455 3572 576 3640 Aman
592 3557 690 3640 vidit
707 3561 983 3636 Mardochaeurn
997 3575 1076 3634 tam
1090 3563 1286 3654 magnifiee
1300 3563 1526 3633 honoratum
1534 3569 1638 3654 ,aaa
1662 3573 1702 3624 u·

180 3666 378 3745 festinavit
397 3663 442 3734 ad
465 3662 620 3734 domum
644 3685 749 3734 suam
771 3659 903 3752 lugens
927 3669 1054 3753 operto
1072 3679 1114 3726 ca
1140 3658 1208 3728 ite..

234 3765 399 3834 Sanctus·
424 3759 495 3830 Job
517 3757 623 3854 flevit
645 3781 713 3852 pro
736 3754 894 3826 miseriis
916 3752 1085 3848 propriis.
1149 3775 1230 3822 ersa
1254 3750 1371 3822 estin
1399 3748 1544 3822 luctum
1562 3751 1623 3812 1⁰1²·
1641 3751 1697 3805 ³0·-

183 3857 329 3932 oitbara
347 3866 495 3945 me‘a‚et
511 3875 690 3945 organum
715 3874 841 3921 meum
867 3851 906 3921 in
930 3872 1061 3922 vocem
1083 3846 1266 3917 flentium.
1289 3844 1415 3938 Cujus*
1432 3843 1543 3917 fletbs

181 3952 423 4029 'vehementia
448 3959 606 4044 apparet
627 3971 692 4041 per
712 3943 917 4039 hoc‚.quod
940 3941 1247 4016 dixerattFacies
1264 3964 1347 4013 mea
1360 3940 1544 4012 intumuit

182 4071 209 4118 a
229 4047 394 4134 fletu,et
434 4044 593 4139 alpebrae
620 4047 712 4112 mbae
740 4039 1018 4134 caligaverunt..

233 4141 361 4214 Flevit·
381 4140 391 4211 i
419 4163 477 4212 em
499 4163 568 4233 pro
594 4137 753 4209 miseriis
774 4136 904 4208 alienis
922 4160 929 4203 :
948 4134 1100 4206 Flebam
1129 4156 1241 4227 super
1268 4155 1311 4204 eo
1333 4127 1541 4226 quondam,
1559 4131 1684 4187 Eodem.

180 4239 252 4332 qui
271 4236 429 4308 afflictus
452 4244 616 4329 erat,.et·⁴
624 4231 918 4328 compatiebatur
938 4229 1065 4304 anima
1081 4253 1165 4302 mea
1184 4227 1349 4324 pauperi.
1368 4225 1417 4300 Et
1437 4238 1552 4323 posta

179 4337 354 4410 umens.
368 4327 609 4421 incedebam,
618 4337 698 4400 eto„
716 4377 719 4382 -
