4498 5462
494 389 757 476 TITULUS
806 387 956 474 XCIX.
998 386 1225 473 Miracula.
1464 393 1536 474 181

235 615 397 686 Ananias
414 626 450 687 et
463 640 565 688 uxor
585 618 617 712 ej
625 639 667 688 ns
685 613 840 706 Sa‘phira
861 610 1009 682 mentiti
1032 623 1120 682 sunt
1136 613 1247 683 Petro
1265 609 1310 680 de
1327 614 1444 704 protio
1462 619 1539 709 agri
1559 623 1661 707 Am(
1678 657 1703 710 5.

187 709 339 788 venditi.
353 709 460 799 Quod
475 711 709 782 mendacium
726 705 882 804 fnit'per
893 707 1045 779 Petrum
1064 709 1279 799 gravissime
1294 707 1537 782 vindicatum.

233 805 353 878 Judaei
369 818 582 879 statuemmt
601 807 695 878 duos
714 803 826 876 falsos
844 811 955 872 testes
975 815 1104 872 contra
1120 803 1268 874 beatum
1288 802 1537 898 Stephanum,
1558 835 1648 891 Actor.
1678 843 1703 894 0,

185 899 373 974 dicentes:
401 902 523 974 Homo
548 903 618 974 iste
645 926 723 972 non
747 908 865 970 cessat
887 894 992 991 loqui
1012 898 1128 970 verba
1158 897 1338 973 adversus
1366 913 1538 974 sanctum

171 995 307 1068 ‘locum
330 1008 366 1068 et
389 995 517 1092 legem.
1004 1059 1012 1066 .
1567 1059 1570 1066 r

231 1092 371 1163 Contra
400 1090 547 1161 beatum
569 1085 729 1161 Paulum
759 1088 878 1160 multa
910 1085 1067 1158 fuerunt
1099 1087 1302 1161 adinventa
1335 1088 1538 1162 mendacia.
1557 1098 1647 1152 Actor·
1677 1103 1720 1154 1⁰·

182 1183 274 1256 Nom
297 1186 353 1259 illi
369 1181 604 1280 quaestuarii,
632 1187 699 1275 qui
716 1183 905 1254 habebant
922 1181 1083 1273 puellam
1110 1183 1377 1280 Pythonissam
1395 1187 1434 1266 in
1448 1185 1539 1258 Phi-

182 1278 316 1372 lippis,
338 1305 361 1348 a
382 1301 456 1370 qua
475 1277 552 1370 ipse
576 1277 748 1440 spiritum
768 1275 983 1374 Pythonem
1008 1277 1130 1368 ejecit,
1149 1278 1330 1349 dixerunt
1345 1280 1540 1373 magistra-

183 1372 285 1443 tibus
308 1371 468 1446 civitatis
492 1395 499 1436 τ
526 1372 573 1442 Hi
623 1375 765 1444 omines
792 1371 1019 1442 conturbant
1036 1371 1227 1454 civitatem
1249 1385 1431 1464 nostram,
1450 1399 1538 1446 cum

185 1467 259 1540 sint
285 1466 427 1556 iudaei,
452 1480 490 1550 et
510 1470 742 1538 annunciant
763 1492 923 1552 morem,
947 1489 1059 1560 quem
1088 1465 1267 1536 nonlicet
1292 1470 1488 1562 suscipere.

227 1562 320 1633 Item
346 1560 444 1656 apud
468 1559 633 1632 Athenas
656 1561 828 1633 dicebant
851 1560 1002 1657 quidam
1018 1584 1035 1626 ·:
1057 1559 1157 1648 Quid
1181 1559 1267 1632 vult
1290 1564 1535 1636 seiniverbius
1556 1580 1645 1634 seur.
1673 1601 1713 1654 ¹7·

179 1652 242 1724 hio
267 1655 418 1728 dicere?
446 1655 519 1728 Alii
547 1654 719 1728 dicebant
744 1681 752 1725 τ
777 1653 972 1730 Novorum
1000 1654 1271 1726 daemoniorum
1296 1656 1448 1730 videtur
1469 1683 1537 1732 an·
1716 1675 1719 1686 ·

179 1753 378 1823 nunciator
399 1778 487 1824 esse.
868 1815 874 1826 .

226 1843 369 1917 Rursus
380 1850 422 1918 in
433 1848 701 1944 Hierosolymis
714 1847 866 1943 quidam
879 1847 902 1918 J
904 1846 1000 1920 udaei
1015 1846 1227 1940 injecerunt
1241 1847 1276 1918 ei
1291 1870 1441 1939 manns,
1465 1848 1535 1920 ela·
1553 1863 1643 1918 Actor.
1669 1884 1712 1920 αι.

180 1951 324 2010 mantes
346 1965 353 2008 :
376 1941 459 2012 Viri
487 1941 683 2032 Ismeniae,
706 1943 906 2036 adjuvate,
930 1941 994 2013 hic
1021 1955 1077 2012 est
1104 1939 1239 2031 homo,
1259 1942 1327 2035 qui
1352 1940 1534 2016 adversus

180 2034 359 2130 populum
383 2049 419 2108 et
438 2035 553 2128 legem
577 2036 749 2108 stlocum
768 2035 872 2108 hunc
888 2062 1017 2108 omnes
1036 2037 1176 2130 ubique
1194 2035 1311 2106 docet.
1326 2037 1483 2130 Insuper
1498 2049 1536 2108 et

182 2129 335 2224 gentiles
357 2129 511 2201 induxit
530 2129 572 2200 in
598 2133 797 2224 templum,
825 2143 862 2204 et
884 2131 1044 2206 violavit
1067 2128 1191 2201 locum
1213 2131 1329 2200 istum
1352 2143 1535 2202 sanctum.

227 2227 360 2297 Postea
374 2249 497 2296 coram
511 2223 631 2295 Felice
646 2225 805 2296 Praeside
817 2225 1025 2314 Tertullus,
1043 2236 1168 2295 orator
1184 2223 1205 2291 J
1210 2221 1421 2312 admoram,
1435 2224 1535 2298 dixit
1553 2241 1645 2297 Actor.
1667 2249 1711 2318 24.

181 2345 267 2392 eum
295 2317 487 2390 hominem
509 2317 746 2412 pestiferum,
766 2331 803 2390 et
825 2319 1074 2390 concitantem
1098 2315 1318 2388 seditionem
1337 2315 1359 2384 J
1362 2316 1477 2389 udaeis
1495 2324 1537 2391 in

181 2416 358 2487 universo
381 2413 479 2485 orbe.

227 2511 409 2582 Praeterea
429 2509 470 2580 in
493 2507 617 2580 insula
639 2507 774 2581 Melitae
803 2508 971 2580 videntes
994 2505 1150 2578 Barbari
1172 2504 1339 2597 viperam
1362 2506 1403 2576 in
1421 2531 1537 2582 manu
1554 2527 1645 2580 Actor.
1672 2508 1742 2586 28]-

179 2605 287 2683 Pauli
302 2603 543 2699 pendentem,
554 2602 726 2676 dicebant
744 2600 962 2674 adinvicem
977 2604 1141 2694 :Utique
1157 2597 1344 2668 homicida
1356 2615 1411 2671 est
1422 2599 1536 2672 honio

179 2699 258 2788 hic,
286 2701 366 2796 qui,
391 2725 477 2771 cum
497 2700 655 2771 evaserit
677 2699 722 2770 de
745 2697 855 2786 mari,
882 2695 977 2768 ultio
998 2719 1085 2766 eum
1106 2692 1237 2764 vivere
1261 2717 1338 2763 non
1362 2695 1461 2767 sinit.

226 2795 400 2867 Testatur
425 2795 537 2866 etiam
564 2793 704 2865 Paulus
727 2793 772 2864 de
796 2793 846 2862 sei
875 2818 915 2862 so
941 2791 1088 2862 :Aiunt
1118 2786 1272 2878 quidam
1299 2813 1367 2860 nos
1393 2790 1629 2882 dicere‚1tom.
1656 2817 1682 2868 3.

179 2889 491 2986 quemadmodum
521 2887 566 2958 de
589 2889 696 2962 nobis
722 2887 818 2961 male
849 2817 1062 2983 loquuntur
1089 2880 1311 2955 :Faciamus
1346 2885 1459 2980 mala,
1490 2899 1534 2958 ut

180 2987 355 3058 eveniant
386 2987 494 3056 bona.

227 3080 275 3145 Et
292 3077 338 3144 ad
353 3077 565 3146 Corinthios
582 3103 589 3144 ε
606 3079 795 3170 Epistola,
811 3074 951 3172 inquit,
966 3074 1118 3170 quidam
1135 3078 1258 3162 aiunt,
1276 3099 1406 3166 graves
1426 3087 1533 3172 sunt,
1551 3115 1577 3151 α.
1596 3099 1659 3154 cor.
1681 3119 1723 3156 ιο.

181 3179 219 3240 at
235 3169 431 3263 praesentia
452 3169 614 3259 corporis
636 3169 811 3258 infirma,'
826 3185 862 3240 et
888 3195 1008 3240 sermo
1030 3167 1331 3260 contemptibilis.

470 3346 473 3354 ’
578 3341 907 3425 TITULUS
949 3339 1134 3423 XCIX.

740 3510 962 3594 Mirucul.

184 3647 357 3778 Creatio
376 3725 502 3776 rerum
524 3698 598 3774 fuit
624 3702 677 3773 ita
700 3685 898 3787 mirabilis,
920 3691 1021 3790 quod
1044 3694 1125 3858 Iep'us
1141 3691 1275 3764 notitia
1296 3691 1448 3764 nonnisi
1466 3719 1532 3790 per
1549 3705 1628 3770 sag.
1652 3723 1728 3777 sup„

179 3801 443 3875 revelationem
464 3798 591 3870 venire
612 3795 734 3892 potuit
757 3793 803 3865 ad
822 3791 1027 3863 hominem.
1079 3813 1139 3860 am
1162 3788 1367 3862 secundum
1390 3788 1529 3899 Grego-
1547 3771 1593 3822 ΕΖ·
1609 3773 1681 3826 ¹¹⁰¹¹²·
1704 3796 1727 3830 ¹·

179 3897 296 3988 rium,
322 3895 368 3968 de
394 3891 590 3989 preteritis
621 3895 770 3987 Moyses
801 3885 1058 3983 prophetavit,
1086 3884 1212 3956 dicens
1236 3908 1242 3952 :
1267 3885 1311 3955 In
1346 3882 1528 3981 principio

181 3991 320 4066 creavit
341 3991 440 4061 Deus
468 3987 604 4060 coelum
626 3997 664 4058 et
685 3996 841 4076 terrani,
863 4007 940 4055 non
963 3980 1052 4078 quia
1069 3978 1246 4076 praedixit
1265 3990 1444 4071 ventura,
1464 3981 1529 4054 sed

180 4089 270 4184 quia
292 4082 452 4180 prodidit
479 4082 633 4155 occulta.
1107 4127 1110 4134 ,
1660 4165 1665 4175 ι

227 4182 406 4274 Tempore
428 4175 562 4267 diluvii
582 4175 741 4250 salvavit
767 4173 951 4248 Dominus
970 4169 1048 4244 Noe
1068 4195 1154 4244 cum
1176 4193 1320 4263 uxore,
1346 4181 1383 4242 et
1404 4172 1526 4245 tribus
1546 4173 1614 4226 ΟΜ·
1641 4192 1664 4244 7.-

179 4275 265 4348 filiis
284 4275 378 4364 suis,
395 4285 431 4345 et
457 4273 639 4345 uxoribus
660 4295 810 4360 eorum,
826 4281 908 4342 tum
928 4271 1038 4340 etiam
1055 4265 1100 4338 de
1127 4267 1271 4338 cunctis
1303 4265 1526 4342 animalibus

178 4368 384 4455 masculum
404 4379 441 4448 et
456 4365 649 4446 foeminam
672 4363 760 4440 fecit
777 4364 920 4442 servari
945 4387 1021 4460 per.
1030 4383 1161 4434 arcam.
