4464 5464
691 353 771 469 278
803 341 1069 437 TITULUS
1090 269 1662 448 CXbVIII.Resignatioin
1687 319 1915 422 Divinam,
1941 288 2040 412 etc.
2121 403 2123 408 .
2195 283 2196 296 i

714 459 2075 508 w

496 611 558 665 act.
584 602 609 672 t.
632 601 676 669 aa,
741 582 862 652 Item:
886 571 1141 649 Multitudinis
1168 565 1408 643 credentium
1426 572 1505 634 erat
1527 583 1591 631 cor
1606 577 1748 647 unum,
1763 563 1807 664 ,et
1821 555 1955 642 ,anima
1973 583 2070 632 una.
2197 575 2198 586 ³

497 708 558 762 aa.
579 719 610 754 n.
634 698 676 748 ao.
741 672 885 747 Fideles
927 672 1091 769 primum
1122 662 1354 757 Antiochiae,
1389 659 1458 733 ubi
1486 655 1627 731 Paulus
1657 647 1907 748 pmdrcabat,
1938 655 2072 730 vocati

698 781 788 848 sunt
820 767 1034 842 Christiani.
1066 763 1159 837 Inde
1192 760 1266 835 boc
1290 781 1430 832 nomen
1465 753 1512 826 ad
1542 773 1673 862 omnes
1700 761 1962 860 propagatum.

500 915 521 950 ι.
540 895 596 948 Pet
611 907 637 942 2.
651 907 680 958 9.
745 869 779 940 S.
796 869 930 946 Petrus
956 860 1219 960 praerogativas
1248 854 1471 930 Christianae
1488 847 1873 954 Relrgronrsexpomt
1894 843 1956 921 his
1986 875 2072 925 ver-

696 968 755 1040 bis
775 989 783 1034 :
811 963 888 1034 Vos
909 972 1035 1032 autem
1054 981 1171 1054 genus
1189 954 1348 1031 electum
1362 1005 1373 1043 ,
1387 946 1508 1043 regale
1526 939 1792 1034 sacerdotium,
1812 967 1903 1036 gens
1923 961 2071 1040 sancta,

698 1059 860 1230 populus
879 1053 1159 1151 acquisitionis,
1186 1062 1231 1125 ut
1248 1049 1410 1124 virtutes
1434 1039 1666 1118 annuntietis
1686 1039 1770 1134 ejus
1784 1041 1885 1149 ’.qUI
1907 1040 2073 1118 detene-

726 1183 777 1229 ns
799 1179 868 1228 vos
887 1161 1040 1225 vocavit
1054 1150 1094 1221 in
1118 1144 1335 1220 admirabile
1352 1143 1483 1215 lumen
1503 1161 1624 1213 suum.
1653 1133 1732 1224 Qui
1763 1135 1967 1234 ahquando
1994 1166 2071 1216 non

701 1250 885 1350 populus,
914 1271 1018 1319 nunc
1041 1256 1166 1318 atatem
1184 1240 1345 1340 populus
1367 1239 1446 1311 Dei.
1728 1244 1732 1252 '

1375 1420 1410 1490 tlt

1044 1560 1381 1652 TITULUS
1437 1551 1728 1646 CXLVIII.

944 1735 1222 1850 'Resignau'o
1256 1740 1300 1821 in
1329 1737 1532 1821 Diuitem
1565 1733 1816 1820 voluntatem.

516 1983 577 2036 G„
602 1915 645 2031 50,
713 1877 882 2007 Fratres
912 1927 1052 2026 Josepb
1068 1927 1118 2002 ob
1139 1926 1280 2000 illatam
1303 1923 1413 1998 fratri
1438 1925 1643 2018 injuriam,
1665 1920 1737 2000 sibi
1751 1920 1922 2000 timentes
1945 1919 2073 2021 depr-e·
2208 1919 2209 1934 ¹

714 2032 897 2104 nubantur
927 2051 1038 2119 eum,
1065 2036 1111 2098 ut
1128 2022 1227 2096 hanc
1245 2022 1319 2097 illis
1339 2021 1577 2098 condonaret.
1605 2021 1753 2112 Quibus
1777 2021 1841 2096 ille
1863 2019 2077 2118 respondit:

647 2203 649 2212 ,
714 2125 838 2201 Nolite
858 2124 989 2196 timere
1010 2149 1017 2192 :
1036 2148 1131 2196 num
1152 2120 1221 2192 Dei
1237 2145 1436 2217 possumus
1451 2118 1830 2198 ¹resistereuoluutati
1850 2119 1868 2191 l
1890 2119 1968 2193 Vos
1984 2118 2079 2215 cogi·
2210 2188 2211 2196 ,

715 2224 822 2297 tastis
841 2219 887 2292 de
905 2244 963 2291 me
992 2217 1152 2308 malum,
1176 2217 1241 2290 sed
1263 2216 1365 2290 Deus
1382 2217 1497 2292 vertit
1524 2215 1619 2289 illud
1644 2217 1686 2290 in
1712 2218 1868 2294 bonum.

521 2371 542 2408 r.
568 2346 633 2420 aeg.
656 2345 682 2399 3.
767 2317 862 2390 Cum
886 2315 1034 2388 Samuel
1052 2311 1256 2387 indicasset
1282 2313 1365 2386 Heli
1388 2312 1576 2386 Sacerdoti
1592 2324 1771 2410 statutam
1787 2317 1857 2390 Dei
1872 2338 2020 2414 poenam
2037 2312 2082 2384 ob
2211 2320 2212 2346 ³

717 2413 854 2490 malam
878 2411 1137 2486 educationem
1160 2407 1324 2484 filiorum
1362 2405 1878 2508 respondit'HelizDomiuus
1895 2423 1963 2506 est,
1983 2409 2084 2509 quod
2212 2454 2213 2462 ,

718 2515 863 2588 bonum
899 2511 1024 2582 estin
1059 2506 1178 2583 oculis
1208 2506 1307 2599 suis,
1328 2463 1451 2581 iaciat.
2213 2588 2214 2605 ,

525 2655 617 2706 naor.
639 2617 698 2696 ‚a'
769 2609 871 2680 Deus
896 2606 969 2678 boc
991 2605 1248 2678 testimouium
1268 2605 1462 2701 perhibuit
1485 2605 1623 2682 Davidi
1640 2631 1647 2678 :
1665 2607 1799 2683 inveni
1821 2605 1942 2681 David
1969 2603 2087 2682 filium
2213 2623 2214 2630 ’

595 2729 637 2766 ²²·
723 2700 1191 2798 Jesse,virumsecundirm
1203 2699 2087 2800 cormeum,quifacietomnesvoluntatesmeas.

526 2841 553 2880 2.
577 2824 641 2884 neg.
665 2817 706 2872 ιε.
772 2797 917 2891 David,
940 2824 1028 2874 cum
1050 2801 1090 2872 in
1114 2799 1371 2894 persecutione
1392 2799 1462 2873 filii
1493 2797 1553 2874 sui
1584 2799 1776 2874 Absalonis
1803 2799 1848 2870 de
1878 2795 2089 2869 Jerusalem

576 2889 638 2939 '²5·
724 2897 854 2988 fugere
885 2907 1034 2964 coactus
1060 2895 1213 2985 fuisset,
1230 2895 1330 2975 dixit
1357 2895 1404 2968 ad
1431 2897 1546 2972 Sadoc
1566 2893 1791 2968 Sacerdotem
1808 2918 1816 2961 :
1833 2893 1869 2963 Si
1897 2893 2086 2964 invenem

727 2987 884 3086 gratiam
906 2987 948 3058 in
969 2986 1088 3060 oculis
1108 2989 1281 3085 Domini,
1296 2989 1449 3067 reducet
1479 3021 1548 3070 me.
1576 2992 1612 3064 Si
1639 3000 1766 3062 autem
1794 2987 1935 3061 dixerit
1965 2983 2089 3057 mibi:

727 3107 806 3160 non
832 3081 953 3252 places
970 3107 979 3152 ε
997 3095 1134 3180 praesto
1165 3111 1269 3179 sum,
1285 3085 1416 3186 faciat,
1435 3093 1536 3190 quod
1567 3091 1709 3164 bonum
1736 3097 1794 3160 cst
1819 3107 1942 3160 coram
1970 3107 2021 3156 se.

529 3217 600 3272 rot
622 3228 648 3266 a
673 3207 711 3262 ιε.
776 3179 832 3254 To
859 3181 932 3271 ias,
950 3205 1037 3254 cum
1065 3184 1212 3278 cognati
1232 3184 1432 3262 irriderent
1461 3190 1582 3266 vitam
1610 3187 1710 3284 ejus,
1727 3182 1917 3256 dicentes:
1941 3180 2010 3254 ubi
2041 3190 2096 3251 cst

728 3299 814 3374 spes
842 3275 937 3350 tua?
959 3278 1175 3376 increpabat
1208 3306 1286 3376 eos,
1317 3281 1445 3359 dicens
1465 3311 1473 3356 :
1494 3283 1610 3360 nolite
1636 3283 1691 3356 ita
1710 3279 1839 3379 loqui,
1856 3277 2034 3376 quoniam
2055 3273 2096 3347 fi·

699 3468 703 3482 Ι
729 3373 774 3449 lii
800 3386 1021 3447 sanctorum
1052 3401 1202 3471 sumus,
1220 3390 1257 3451 et
1285 3379 1405 3456 vitam
1436 3381 1540 3456 illam
1573 3389 1834 3478 expectamus,
1852 3399 1966 3474 quam
1993 3371 2097 3444 Deus

732 3471 891 3546 daturus
915 3483 971 3544 est
997 3469 1081 3566 his,
1104 3475 1172 3576 qui
1191 3475 1304 3550 fidem
1324 3505 1432 3554 suam
1453 3502 1653 3577 nunquam
1680 3484 1832 3550 mutant
1860 3472 1908 3544 ab
1930 3497 1984 3546 eo.

531 3587 603 3644 ’roa
634 3586 660 3639 3.
688 3581 716 3635 6.
782 3569 877 3641 Item
899 3567 941 3642 in
959 3570 1135 3644 omnibus
1159 3571 1312 3668 injuriis
1331 3577 1403 3650 sibi
1421 3575 1535 3650 illatis
1554 3601 1594 3650 se
1613 3573 1800 3648 convertit
1817 3567 1863 3642 ad
1880 3569 2024 3660 Deum,
2043 3563 2100 3638 di·

736 3690 847 3740 cens:
867 3667 915 3740 Et
936 3691 1041 3739 nunc
1070 3668 1231 3742 Domine
1255 3671 1463 3748 secundum
1478 3671 1716 3749 voluntatem
1743 3663 1928 3742 tuamsac
1942 3685 2099 3738 mecum.

537 3798 588 3852 χοι,
615 3813 639 3850 ,,
793 3760 864 3834 Job
881 3760 929 3833 ad
947 3764 1074 3846 omnia
1095 3764 1193 3838 mala
1217 3769 1290 3842 sibi
1303 3767 1407 3842 illata
1422 3769 1520 3844 nihil
1535 3766 1639 3842 aliud
1657 3765 1853 3863 reposuit,
1896 3787 1984 3836 uam
2007 3757 2102 3832 hoc:

745 3857 930 3931 Dominus
956 3857 1082 3970 dedit,
1103 3863 1287 3938 Dominus
1316 3865 1504 3941 abstulit:
1538 3869 1636 3942 sicut
1666 3863 1829 3938 Domino
1859 3789 2024 3956 pinculi,
2052 3857 2104 3932 ila

745 3951 888 4026 factum
911 3967 995 4029 est:
1020 3969 1069 4030 sit
1091 3985 1229 4034 nomen
1251 3962 1404 4038 Domini
1430 3963 1680 4038 benedictum.

544 4103 568 4144 „
593 4084 682 4138 meh,
699 4081 724 4136 3,
795 4047 912 4124 Judas
941 4051 1177 4130 Machabaeus
1208 4083 1294 4133 suos
1324 4058 1544 4136 adhortatus
1576 4057 1640 4141 ael
1666 4057 1713 4130 ad
1741 4054 1941 4132 victoriam
1967 4049 2031 4128 vel
2059 4045 2105 4120 ad

553 4247 557 4254 Ι
579 4151 626 4204 ⁶⁰·
730 4145 943 4256 ’gloriosam
966 4162 1124 4224 mortem
1139 4153 1195 4227 „n
1218 4153 1314 4230 bello
1341 4167 1471 4230 contra
1485 4157 1612 4234 hostes
1634 4151 1896 4253 suscipiendo,
1914 4145 2105 4252 adjungit:

637 4341 640 4352 ,
745 4245 850 4318 Sicut
878 4257 1005 4338 autem
1030 4244 1147 4325 fuerit
1173 4249 1351 4329 voluntas
1376 4255 1419 4331 in
1445 4255 1562 4354 coelo,
1588 4253 1642 4330 sic
1667 4249 1744 4328 fiat.
