4502 5484
789 307 840 448 72'
862 334 1126 422 mausus
1164 334 1363 422 min
1407 333 1633 422 Detracta
1665 338 1718 424 et*
1738 307 2075 430 maledicentia.

592 599 652 649 Act.
676 595 701 648 g,
835 565 1038 638 Curiositas
1052 564 1205 640 videtur
1226 561 1360 655 fuisse,
1375 585 1489 658 quare
1511 563 1639 635 Simon
1653 564 1782 656 Magus
1800 561 1923 640 voluit
1938 567 2150 669 baptizari,

787 661 876 755 quia
897 659 1072 733 videlicet
1092 660 1245 732 videbat
1267 661 1394 752 signa,
1416 679 1500 753 quae
1530 655 1725 764 Philippus
1752 653 1919 732 faciebat

591 765 652 818 Act·
669 777 709 836 ι).
833 753 1080 827 Athenienses
1102 778 1230 826 omnes
1257 764 1296 823 et
1325 751 1478 826 advenae
1503 765 1540 824 et
1566 749 1730 845 hospites
1755 751 1799 822 ad
1824 753 1922 826 nihtl
1943 753 2055 828 alind
2080 787 2149 835 vo-

754 909 758 920 .
787 849 921 920 cabant
937 848 1115 940 Paulum,
1126 845 1200 920 nisi
1219 857 1264 919 ut
1289 859 1355 920 aut
1372 845 1512 938 dicere,
1528 858 1593 920 aut
1611 843 1830 940 videre,vel
1851 848 1980 924 audire
1996 852 2147 951 aliquid

786 944 879 1016 novi
905 943 1054 1017 vellent.
1620 971 1623 984 ·
2186 967 2187 1020 ξ

593 1057 654 1107 Act.
677 1073 718 1124 ῳ
832 1037 1061 1110 Praedicante
1077 1037 1194 1109 Paulo
1207 1039 1248 1110 in
1261 1036 1409 1132 Epheso
1427 1037 1588 1128 civitate,
1603 1035 1731 1126 multi,
1747 1037 1815 1131 qui
1828 1035 1980 1113 fuerant
1992 1045 2145 1118 curiosa

787 1135 932 1224 sectati,
955 1133 1196 1204 contulerunt
1222 1131 1354 1224 libros,
1380 1146 1417 1205 et
1440 1131 1724 1207 combusserunt
1746 1154 1870 1204 coram
1891 1137 2088 1210 omnibus.

590 1270 616 1304 2,
633 1255 721 1306 ram,
742 1255 767 1306 3,
832 1225 1080 1321 Reprehendit
1114 1225 1314 1319 Apostolus
1350 1225 1532 1322 quosdam
1564 1223 1926 1320 Thessalonicenses,
1969 1229 2142 1326 inquiete

785 1321 1040 1410 ambulantes,
1065 1333 1102 1392 et
1127 1319 1225 1392 nihil
1250 1334 1454 1415 operantes.

592 1455 616 1493 z.
639 1441 708 1492 rim.
724 1441 750 1496 5.
832 1413 1148 1488 Adolescentiores
1170 1413 1304 1489 viduas
1326 1428 1453 1488 monet
1475 1411 1673 1510 Apostolus
1696 1439 1774 1486 esse
1797 1413 2029 1490 devitandas.
2061 1421 2138 1496 Fre

785 1522 945 1602 quenter
961 1535 1054 1583 vero
1073 1533 1204 1602 vagas,
1226 1512 1380 1599 otiosas,
1398 1523 1434 1583 et
1457 1511 1620 1582 curiosas
1643 1512 1779 1603 arguit,
1799 1521 1836 1580 et
1856 1511 1976 1582 vitare
1995 1533 2135 1608 monet,

786 1625 871 1696 quae
891 1603 1043 1674 discunt
1060 1601 1189 1672 domos
1204 1607 1414 1694 circumire,
1431 1618 1467 1696 et
1481 1601 1702 1696 vagabunde
1720 1603 1941 1696 discurrere,
1963 1619 2003 1679 et
2023 1636 2066 1682 se
2084 1639 2135 1684 os-

785 1693 966 1786 tendere,
994 1722 1037 1768 ac
1062 1694 1307 1788 vendere,'et
1332 1698 1558 1792 loquuntur,
1587 1721 1672 1792 quae
1699 1699 1828 1772 illicita
1853 1713 1959 1793 sunt,
1981 1716 2022 1776 et
2056 1731 2132 1782 cum

788 1787 991 1862 luxuriatae
1012 1788 1174 1880 inerint,
1193 1791 1335 1862 nubere
1359 1792 1505 1866 volunt.

1117 2085 1260 2173 TIT
1285 2088 1329 2172 U
1353 1959 1512 2174 LUDb
1572 2092 1801 2177 XXXIX.

1144 2251 1362 2344 Detractih
1393 2267 1435 2346 ὀί
1462 2263 1775 2350 Maledz'centzb.

589 2464 657 2514 cen.
680 2461 721 2532 ³9.
786 2389 914 2545 impie
935 2447 1099 2522 detraxit
1118 2447 1256 2542 Joseph
1270 2450 1463 2521 innocenti
1484 2459 1520 2518 et
1538 2449 1674 2540 pudico
1691 2449 1843 2524 domina
1860 2455 1933 2552 ejus
1949 2453 2048 2549 apud
2064 2461 2130 2530 vi-

784 2563 870 2609 rum
897 2567 1018 2610 suum.
1394 2565 1399 2576 '

587 2650 672 2704 exoa.
691 2668 731 2702 ιο.
835 2630 905 2700 Gui
931 2630 1086 2700 dubium
1111 2642 1184 2720 est,
1209 2631 1309 2721 quod
1331 2633 1488 2726 pessime
1513 2636 1700 2730 cogitetis,
1718 2639 1818 2713 dixit
1832 2641 1977 2716 Pharao
1998 2651 2125 2746 Moysi.

784 2723 857 2792 Per
874 2720 974 2814 quod
992 2734 1110 2815 patet,
1125 2724 1302 2816 pessimos
1319 2724 1445 2798 hostes
1464 2729 1687 2825 quandoque
1704 2733 1798 2806 viris
1819 2739 1985 2834 optimis,
2004 2743 2125 2840 iniqua

784 2815 1020 2907 impositione
1046 2828 1083 2887 et
1108 2817 1224 2909 salsa,
1250 2842 1335 2896 cum
1357 2822 1476 2894 multa
1498 2821 1651 2896 audacia
1672 2827 1863 2903 affirmare.

591 2930 671 2982 Num.
693 2944 732 2982 ια.
832 2909 972 2978 Locuta
997 2921 1052 2978 est
1077 2913 1192 2980 Maria
1208 2924 1245 2982 et
1271 2915 1394 2985 Aaron
1420 2929 1549 2988 contra
1573 2923 1747 3018 Moysen,
1772 2925 1918 2998 modica
1944 2935 2123 3004 occasione

786 3014 983 3093 assumpta.
1007 3001 1076 3072 Sed
1102 3005 1175 3074 cito
1203 3019 1327 3077 secuta
1350 3019 1405 3079 est
1430 3009 1550 3082 ultrix
1579 3039 1699 3108 poena.

589 3109 671 3160 num.
700 3117 739 3172 ιι..
833 3095 1085 3168 Detraxerunt
1110 3097 1179 3169 filii
1212 3101 1325 3172 Israel
1351 3115 1457 3175 terre
1484 3110 1741 3203 promissionis
1768 3115 1809 3186 in
1835 3117 1978 3193 matum
2003 3144 2119 3190 suum.

590 3205 670 3257 num.
699 3201 738 3256 ιθ.
834 3189 1033 3261 Occasione
1066 3191 1261 3266 Seditionis
1289 3195 1410 3272 Chore
1446 3213 1482 3272 et
1512 3203 1732 3298 complicum
1769 3235 1940 3306 suorum,
1978 3213 2122 3287 fuerunt

783 3283 894 3355 multi
921 3285 1135 3359 terribiliter
1161 3292 1281 3361 oocisi.
1306 3295 1355 3364 Et
1385 3307 1468 3386 post
1496 3303 1747 3374 murmuravit
1773 3303 1979 3382 multitudo
2005 3323 2124 3383 contre

783 3383 843 3449 Mo
875 3403 940 3450 sen
967 3392 1003 3451 et
1024 3384 1165 3473 Aaron,
1186 3383 1333 3457 dicens:
1350 3387 1427 3460 Vos
1449 3389 1687 3465 interfecistis
1713 3398 1893 3494 populum
1920 3405 2082 3478 Domini

589 3489 669 3542 Num.
695 3491 736 3542 23.
830 3405 1012 3564 linamvis
1035 3489 1129 3550 esset
1151 3479 1271 3551 malus
1298 3481 1462 3572 Balaam,
1482 3497 1607 3557 tamen
1628 3487 1746 3582 dixit,
1771 3493 1870 3588 quod
1893 3521 2126 3597 nequaquam

781 3569 1015 3642 malediceret
1041 3573 1195 3666 populo,
1228 3578 1290 3646 cui
1330 3576 1571 3651 benedixerat
1599 3583 1791 3658 Dominus.
1821 3590 1869 3662 Et
1901 3596 2030 3686 quoad
2056 3589 2123 3668 hoc

781 3664 892 3736 multi
918 3664 1168 3740 inveniuntur
1192 3667 1391 3744 deteriores
1421 3671 1501 3767 illo,
1537 3677 1603 3769 qui
1624 3675 1800 3754 libentius
1832 3695 1867 3755 et
1894 3685 2123 3784 frequentius

782 3757 1027 3846 maledicunt,
1054 3772 1091 3830 et
1119 3761 1322 3835 detrahunt
1347 3777 1422 3836 tam
1449 3769 1575 3859 bonis,
1601 3795 1711 3864 quam
1738 3779 1931 3869 perversis.

590 3879 612 3913 ι.
640 3865 703 3930 neg.
724 3880 764 3913 to·
832 3849 917 3946 Saul
933 3849 1007 3921 fuit
1024 3852 1065 3920 in
1085 3855 1202 3945 princi
1230 3859 1266 3928 io
1285 3858 1393 3931 valde
1414 3861 1555 3952 bonus,
1571 3875 1606 3934 et
1628 3875 1753 3939 tamen
1775 3869 1956 3950 dixerunt
1977 3883 2131 3976 quidam

678 3979 681 3986 ⁴
784 3939 852 4011 filii
874 3939 1005 4012 Belial:
1030 3945 1140 4015 Unde
1168 3883 1309 4022 salvare
1331 3979 1398 4026 nos
1422 3957 1556 4049 poterit
1577 3957 1675 4029 iste?
1710 3983 1715 3986 ·

591 4045 747 4110 strepa.
833 4035 1032 4106 Occasione
1060 4037 1160 4134 Doeg
1170 4042 1338 4138 Idumaei,
1361 4047 1554 4120 referentis
1577 4051 1681 4144 Saul,
1709 4059 1808 4153 quod
1833 4064 2057 4142 Abimelech
2080 4097 2132 4144 sa-

784 4126 910 4199 cerdos
930 4126 1201 4209 confortaverat
1216 4137 1354 4232 David,
1373 4143 1505 4215 occidit
1521 4148 1705 4242 octoginta
1723 4156 1888 4250 quinque
1908 4163 2034 4262 viros,
2054 4193 2132 4264 por

782 4232 904 4296 tentes
929 4223 1079 4322 Ephori,
1105 4241 1142 4302 et
1168 4230 1305 4308 multos
1331 4235 1420 4311 alios
1441 4239 1616 4335 parvulos
1639 4255 1675 4319 et
1699 4249 1882 4324 mulieres

2003 4355 2137 4432 Satur.
