4464 5464
157 427 439 526 uerutus
472 425 708 518 CXXXIX.
737 427 964 550 Principes
992 403 1037 520 et
1062 433 1303 556 superiores
1335 453 1429 526 etc,
1454 367 1532 556 2'57
1669 503 1673 514 ·

157 689 242 766 que
264 664 399 739 faciam
420 664 627 762 principem
647 687 759 760 super
780 673 928 758 gentem
947 687 1120 761 magnam
1137 674 1174 739 et
1191 661 1403 761 fortiorem,
1420 681 1536 765 quarn

158 762 231 838 hic
255 773 321 837 est.
345 759 416 834 Sed
438 761 562 835 noluit
589 763 739 857 Moyses
762 759 809 833 ad
830 761 1011 858 majorem
1041 761 1238 838 transferri
1267 764 1533 862 praelationem.
1743 843 1745 847 ,

211 863 401 936 Pereunte
431 855 571 955 populo
599 879 667 950 pro
695 881 890 930 murmure
921 869 958 930 et
986 858 1176 956 tumultu,
1204 887 1318 960 quem
1347 860 1535 935 faciebant
1553 881 1634 938 Num.
1657 883 1698 937 ns.

157 969 298 1032 contra
315 961 476 1053 Moysen
498 965 536 1025 et
554 952 694 1048 Aaron,
710 951 810 1024 dixit
824 956 974 1050 Moyses
992 953 1038 1026 ad
1057 957 1182 1032 Aaron
1205 981 1213 1026 :
1232 955 1338 1030 Tolle
1356 953 1536 1030 thuribu-

158 1053 264 1148 lum,
288 1064 326 1125 et
350 1049 489 1122 hausto
515 1048 601 1142 igne
622 1047 668 1120 de
690 1047 818 1140 altari,
839 1049 946 1121 mitte
967 1051 1190 1127 incensum:
1212 1077 1369 1151 pergens
1391 1052 1464 1125 cito
1487 1052 1534 1125 ad

160 1149 368 1247 populum,
389 1157 435 1218 ut
467 1169 573 1240 roges
594 1169 663 1240 pro
682 1144 748 1216 eis.

216 1248 425 1316 Morituros
441 1243 503 1312 Mo
534 1265 591 1313 ses
609 1240 764 1314 sollicite
781 1242 927 1338 rogavit
938 1243 1143 1318 Dominum
1156 1257 1221 1338 ,ut
1238 1244 1377 1342 populo
1395 1241 1442 1318 de
1459 1243 1534 1321 du·
1551 1263 1631 1319 num.
1646 1279 1688 1338 ²7·

162 1363 212 1412 ce
229 1336 365 1410 idoneo
387 1265 610 1432 provideret.
635 1335 792 1410 Nullum
818 1361 910 1414 vero
936 1341 977 1414 in
1001 1341 1150 1438 speciali
1174 1341 1297 1416 voluit
1324 1342 1530 1416 nominare.

217 1434 436 1506 servierunt
455 1432 568 1505 Israeli
586 1433 750 1507 Domino
761 1436 907 1508 cunctis
918 1434 1050 1508 diebus
1065 1436 1179 1510 Josue
1194 1449 1263 1510 etc.
1283 1435 1411 1510 Bonus
1428 1439 1530 1511 enim
1548 1469 1626 1520 soene
1639 1467 1680 1536 ²4·

162 1529 343 1629 praelatus
358 1527 521 1600 multitm
545 1529 690 1602 confert
709 1527 820 1626 adpo
846 1531 952 1604 ulum
970 1531 1012 1604 in
1030 1532 1094 1607 via
1111 1533 1264 1604 Dor'nini
1282 1530 1530 1628 dirigendum.

214 1619 361 1695 Samuel
383 1621 574 1718 judicabat
597 1624 728 1717 Israel,
752 1637 789 1698 et
810 1649 824 1698 1
851 1637 890 1698 at
918 1628 1143 1702 circumiens
1165 1627 1298 1700 bethel
1321 1639 1358 1700 et
1381 1627 1532 1724 Galgala
1551 1649 1692 1719 onega

157 1730 202 1792 et
221 1715 410 1815 Maspbat,
437 1730 483 1793 ut
501 1717 690 1814 homines,
715 1721 784 1816 qui
808 1745 852 1792 eo
874 1719 1112 1817 indigebant,
1137 1720 1286 1795 facilius
1308 1735 1462 1818 possent
1484 1723 1532 1794 ad

160 1816 289 1912 ipsum
312 1811 450 1886 habere
477 1838 675 1890 accessum.
1431 1900 1437 1912 ¹

207 1910 322 2008 ,Diffi
333 1909 482 1982 Samuel
495 1909 541 1981 ad
552 1910 735 2004 populum
751 1935 759 1979 ι
776 1913 884 2006 Absit
897 1937 920 1981 a
932 1914 1077 1986 mehoc
1089 1925 1301 2010 peccatum,
1329 1924 1373 1987 ut
1391 1937 1531 1988 cessem
1550 1952 1573 1989 ι.
1589 1937 1652 2006 neg.
1669 1951 1710 1989 ιι»

160 2031 273 2081 orare
306 2029 375 2102 pro
397 2005 527 2098 vobis,
551 2015 588 2076 et
610 2005 751 2077 docebo
770 2029 840 2079 vos
860 2005 965 2078 viam
989 2020 1130 2079 rectam
1151 2021 1190 2079 et
1215 2009 1364 2080 bonam.
1417 2083 1426 2096 ,
1718 2053 1762 2076 .-

214 2102 357 2176 Videns
373 2101 495 2177 David
512 2093 685 2194 angelum
695 2102 966 2196 percutientem
981 2101 1182 2199 populum,
1198 2101 1334 2174 obtulit
1351 2128 1389 2175 se
1403 2127 1473 2199 pro
1485 2129 1531 2177 eo
1548 2147 1574 2184 ς,
1588 2133 1652 2201 neg.
1668 2131 1711 2200 24.

161 2196 724 2298 percutiendum,Vertatur‚in
750 2196 826 2288 uit,
838 2196 993 2268 obsecro
1018 2221 1154 2269 manus
1166 2209 1232 2270 tua
1248 2208 1378 2270 contra
1393 2210 1528 2272 meetc.

214 2295 374 2369 Audiuit
395 2295 518 2366 omnis
540 2291 655 2364 Israel
679 2223 882 2384 judicium,
906 2251 1010 2386 quod
1029 2289 1232 2386 judicasset
1254 2293 1335 2364 Rex
1357 2293 1530 2366 Salomon
1549 2306 1575 2357 3.
1588 2307 1652 2376 neg.
1666 2305 1693 2357 3.

160 2392 212 2560 (ἐρ
235 2390 382 2504 duabus
393 2387 631 2486 mulieribus,
655 2399 692 2461 et
706 2388 917 2462 timuerunt
939 2387 1092 2484 Regem,
1115 2386 1288 2462 videntes
1310 2388 1530 2485 sapientiam

201 2513 395 2562 erassem
424 2511 478 2560 eo
1125 2525 1128 2530 ·

215 2584 371 2680 Signum
392 2595 469 2674 est,
519 2581 593 2656 uod
610 2581 796 2658 Dominus
811 2579 933 2678 diligit
951 2577 1152 2678 populum,
1199 2579 1324 2654 uando
1340 2577 1404 2653 dat
1418 2580 1452 2653 ei
1463 2580 1531 2652 bo-
1549 2607 1576 2644 ι.
1586 2589 1709 2660 Parata

161 2705 260 2755 nunt
275 2679 482 2780 prelatum.
540 2678 614 2752 nde
631 2679 759 2776 regina
774 2678 870 2751 Saba
887 2677 988 2750 dixit
1006 2702 1013 2748 :
1033 2676 1133 2766 Quia
1150 2605 1270 2772 diligit
1281 2675 1383 2748 Deus
1401 2673 1530 2767 lsrael,

161 2770 1529 2874 idcimopoeuitteregemsupraeum,utfaciasjudiciumatquejustitiam.

212 2873 352 2948 Volens
380 2873 565 2946 Dominus
581 2869 727 2945 tradere
748 2895 873 2966 segem
900 2870 925 2941 S
978 2871 1084 2942 'ae‘in
1108 2887 1266 2945 manum
1286 2867 1383 2962 regis
1401 2866 1531 2958 lsrael,
1548 2878 1650 2946 saep
1666 2891 1709 2930 aa

162 2967 361 3128 manltilapit
391 2972 426 3040 ei
464 2994 531 3062 per
557 2965 803 3064 prophetem,
835 2991 911 3064 quo
967 2966 1046 3064 ipse
1071 2989 1144 3038 rex
1175 2961 1336 3036 debebat
1367 2963 1531 3059 incipere

193 3081 244 3130 ree
273 3081 339 3128 an.
1085 3084 1090 3092 ·

165 3081 193 3154 p
218 3147 409 3242 Quamdiu
427 3149 530 3224 vixit
557 3148 688 3243 Jojeda
708 3149 905 3243 pontifex,
935 3144 1022 3220 Joas
1054 3173 1126 3222 rex
1159 3151 1259 3221 Juda
1283 3151 1359 3222 fuit
1384 3153 1530 3246 bonus,
1547 3165 1573 3234 4.
1589 3138 1708 3236 nepio.

165 3273 246 3346 quo
271 3256 440 3336 mortuo,
463 3243 583 3316 multa
602 3241 701 3313 mala
722 3241 822 3314 fecit.

74 3403 76 3412 ,
216 3341 398 3418 Ezechias
417 3364 487 3426 rere
507 3335 606 3410 Juda
623 3335 711 3409 fecit
730 3347 940 3434 serpentem
957 3359 1105 3412 aeneum
1127 3336 1333 3432 confringi,
1362 3361 1406 3410 eo
1428 3339 1529 3433 quod
1546 3371 1572 3410 α.
1586 3365 1645 3416 rar.
1665 3363 1707 3431 24.

89 3427 95 3442 ⁸
166 3452 265 3516 esset
289 3435 428 3537 populo
454 3431 717 3509 idololatrandi
740 3435 895 3506 occasio.
1773 3513 1776 3520 .

219 3537 306 3608 Josa
332 3533 399 3606 hat
417 3557 488 3606 rex
495 3528 598 3612 ‚Juda
609 3528 805 3602 constituit
816 3528 839 3599 J
840 3527 966 3602 udices
979 3552 1091 3625 super
1100 3527 1301 3625 populum,
1318 3538 1356 3598 et
1371 3551 1432 3598 eos
1448 3523 1532 3598 val-
1547 3545 1574 3613 4.
1588 3549 1651 3615 neg.
1667 3548 1707 3601 sa.

104 3681 107 3694 ·
168 3634 217 3707 de
236 3561 397 3705 fideliter·
413 3643 452 3702 et
468 3623 673 3726 prudenter
692 3625 887 3698 instruxit.
908 3623 1062 3716 Videte,
1082 3624 1225 3720 inquit,
1251 3619 1344 3717 quid
1372 3620 1505 3691 facitis.
1548 3615 1671 3665 ²*P”¹¹·
1685 3631 1726 3684 'a

219 3729 477 3801 Penexerunt
496 3748 666 3796 cursores
685 3747 772 3794 cum
798 3720 985 3818 epistolis,
1001 3743 1052 3792 ex
1072 3721 1169 3816 regis
1188 3717 1344 3814 imperio
1358 3712 1530 3789 Ezechiae
1549 3738 1573 3774 2·
1588 3721 1647 3776 Par·
1666 3725 1710 3776 ³0·

171 3835 210 3898 et
227 3823 440 3921 principum
461 3823 562 3918 ejus,
584 3820 625 3892 in
645 3820 867 3898 universum
891 3816 1006 3891 Israel
1028 3829 1065 3892 et
1087 3815 1247 3907 ludam,
1263 3811 1529 3912 predicantes:

169 3920 415 3995 Revertimini
437 3917 484 3990 ad
511 3917 718 3989 Dominum
734 3927 803 3989 etc.
1664 3959 1667 3970 .

222 4017 361 4088 Orante
382 4014 556 4088 Esdra'et
575 4011 688 4085 flente
713 4037 782 4108 pro
798 4012 1090 4106 transgressione
1106 4007 1257 4106 populi,
1282 4005 1458 4080 collectus
1475 4013 1531 4076 est
1548 4031 1568 4065 1·
1582 4011 1644 4066 nee.
1659 4028 1696 4066 ιο.

172 4112 222 4186 ad
244 4135 330 4184 eum
349 4123 469 4184 coetus
489 4133 647 4204 magnus
669 4110 841 4182 virorum
862 4132 905 4178 ac
929 4105 1152 4199 mulierum,
1183 4117 1221 4179 et
1242 4103 1348 4181 flevit
1369 4099 1531 4199 populus

173 4207 297 4283 multo
315 4205 408 4278 fletu
430 4205 476 4277 ad
499 4202 717 4298 exemplum
744 4207 836 4300 ejus.
1212 4217 1214 4224 ’

222 4299 363 4380 Audiet
387 4299 600 4379 Holofernis
614 4298 804 4396 potentiA,
819 4295 1005 4374 Eliachim
1015 4320 1174 4394 magnus
1186 4294 1355 4371 sacerdos
1372 4295 1533 4368 circum·
1549 4301 1653 4356 suaith.
1668 4314 1694 4353 2·

1127 4477 1278 4552 Kk'
