4502 5484
86 317 94 532 l
246 371 505 461 TITULUS
538 372 736 458 XXXIX.
774 373 999 460 Detract'io
1032 392 1075 455 et
1098 363 1422 462 Maledicentia.
1456 383 1505 488 73

85 639 87 678 =
204 599 365 692 Satrapae
383 595 668 668 Philistinorum
683 609 981 692 procuraverunt
999 599 1098 692 apud
1116 598 1229 670 Achis
1249 621 1370 692 regem
1392 595 1506 686 Geth,
1528 624 1550 658 1·
1573 586 1634 679 ing.
1658 629 1700 682 aa

84 745 86 780 ;
153 692 252 790 quod
277 691 417 782 David,
440 692 505 787 qui
527 689 668 786 judicio
689 694 770 787 ejus
788 693 909 764 bonus
927 703 1023 786 erat,
1042 693 1116 766 fuit
1138 706 1283 767 amotus
1302 693 1347 763 de
1368 689 1505 762 hones·
1620 723 1628 739 ·

152 801 201 859 to
218 786 354 878 officie,
381 788 422 858 in
448 811 524 882 quo
546 787 669 879 ipsum
700 799 882 882 posuerat.

203 881 500 972 adolescentem,
522 893 736 952 narrantem
759 882 845 952 Saul
867 894 903 954 et
914 884 1077 958 filiorum
1093 889 1174 980 ejus
1196 898 1371 976 mortem,
1391 884 1503 977 jussit
1523 913 1546 948 α.
1568 900 1631 965 aeg.
1657 915 1681 949 t.

81 975 82 1044 i
152 977 277 1050 David
294 976 477 1064 interfici,
499 995 585 1045 cmii
608 975 761 1069 putabat
787 976 841 1047 illi
862 1002 1035 1072 prospera
1061 983 1250 1054 nunciare.

202 1073 328 1142 Princi
355 1095 393 1142 es
415 1069 578 1142 filiorum
596 1072 756 1140 Ammon
778 1069 957 1142 dixerunt
980 1074 1026 1142 ad
1047 1075 1251 1145 Dominum
1273 1101 1403 1146 suum:
1427 1075 1503 1146 Pu·
1522 1103 1546 1136 2·
1571 1089 1633 1153 neg.
1659 1104 1697 1137 ιο·

148 1176 227 1256 tas,
270 1097 353 1234 uod
363 1177 514 1258 propter
528 1162 709 1236 honorem
725 1165 840 1258 patris
856 1164 912 1234 tui
930 1165 1053 1238 David
1067 1169 1210 1239 miserit
1227 1166 1272 1237 ad
1290 1181 1327 1237 te
1343 1167 1504 1237 consola-

149 1271 270 1330 tores.
291 1269 327 1329 et
344 1259 396 1329 sic
410 1270 674 1352 perverterunt
690 1261 758 1329 sim
788 1259 892 1329 licem
909 1270 945 1330 et
959 1285 1090 1354 puram
1107 1261 1352 1333 intentionem
1372 1258 1503 1331 David.

200 1353 362 1424 Absalon
381 1354 547 1426 ambiens
566 1377 738 1447 regnum,
760 1285 904 1424 dicebat
921 1352 1077 1428 habenti
1093 1380 1215 1428 coram
1235 1356 1502 1448 senegotium:
1523 1383 1547 1416 2.
1570 1370 1631 1436 seg.
1660 1369 1697 1422 ιε.

150 1473 227 1519 non
251 1458 325 1537 est,
351 1449 420 1543 qui
446 1461 483 1519 te
505 1447 631 1520 audiat
654 1449 879 1520 constitutus
906 1473 929 1518 a
952 1473 1045 1544 rege.

197 1541 283 1614 Siba
310 1568 440 1615 servus
464 1541 721 1638 Mephiboseth
744 1544 918 1638 nequiter
938 1542 1102 1618 detraxit
1124 1545 1286 1619 Domino
1308 1571 1376 1616 suo
1404 1545 1503 1640 apud
1522 1569 1547 1603 2·
1569 1556 1630 1621 ueg.
1657 1555 1695 1604 ¹⁶·

146 1637 279 1708 David.
301 1639 350 1708 Et
376 1637 467 1710 fides
493 1639 606 1711 nimis
633 1639 706 1710 cito
733 1637 807 1710 suit
834 1636 1009 1709 adhibita·
1029 1645 1155 1736 pravis
1186 1641 1288 1713 iDius
1315 1640 1452 1713 verbis.

196 1731 476 1804 AEdificantibus
488 1733 668 1828 templum
688 1732 775 1805 filiis
795 1732 818 1802 J
821 1731 911 1824 uda,
933 1735 999 1828 qui
1022 1734 1209 1808 redierant
1228 1736 1274 1807 de
1291 1734 1501 1831 Babylone,
1521 1762 1545 1794 1·
1561 1738 1651 1793 Esdra·
1670 1733 1695 1800 t·

149 1826 276 1898 hostes
304 1852 432 1898 eorum
463 1829 633 1922 iniquam
663 1830 846 1900 irriserunt
871 1829 1064 1924 epistolam
1091 1832 1295 1903 Artaxerxi
1327 1831 1431 1922 regi,
1458 1842 1501 1901 ut

147 1944 241 2014 opus
268 1921 404 1992 faceret
425 1923 635 1993 intermitti.
1345 1927 1348 1936 ’

201 2013 297 2084 Cum
319 2016 406 2085 Sara
426 2015 503 2084 filia
523 2015 692 2110 Raguelis
709 2041 825 2088 unam
844 2015 890 2087 de
911 2018 1054 2091 ancillis
1074 2021 1281 2113 increparet
1302 2041 1370 2111 pro
1392 2018 1500 2124 culpa
1517 2029 1584 2078 Τοῦ·
1604 2026 1628 2076 3·

149 2131 235 2195 sua,
259 2107 449 2196 respondit
462 2132 477 2212 z·
496 2108 664 2265 Amplius
690 2135 739 2180 ex
763 2123 800 2180 te
822 2137 899 2181 non
921 2111 1115 2184 videamus
1134 2113 1273 2205 filium,
1298 2123 1362 2182 aut
1384 2110 1501 2180 filiam
1585 2145 1587 2148 ·

150 2223 264 2292 super
285 2210 441 2288 terrant,
467 2209 565 2268 mter
582 2201 702 2267 actrix
723 2204 893 2269 virorum
913 2217 1076 2274 tuorum.

197 2291 399 2362 Occasione
416 2290 529 2362 solius
546 2289 786 2380 Mardochaei,
812 2291 879 2385 qui
907 2285 1219 2386 superbissimum
1230 2301 1349 2364 Aman
1371 2299 1501 2366 adora·
1520 2311 1620 2360 muer.
1644 2323 1668 2357 α.

145 2415 186 2463 re
206 2385 373 2474 nolebat,
395 2385 474 2478 ipse
492 2385 612 2454 Antan
635 2387 814 2477 suggessit
836 2387 913 2477 regi
929 2388 1109 2478 Assuero,
1127 2386 1227 2482 quod
1251 2386 1410 2483 populus
1433 2390 1454 2457 J
1458 2416 1501 2460 u-

145 2484 313 2554 daeorum
344 2481 439 2573 regis
463 2481 567 2574 jussa
588 2488 859 2567 contemneret,
881 2490 917 2548 et
942 2503 1010 2572 per
1042 2493 1161 2551 totum
1181 2505 1338 2576 regnum
1360 2481 1500 2553 discor-

147 2579 228 2648 dias
257 2573 473 2667 seminarct,
496 2574 548 2646 ita
563 2571 663 2670 quod
679 2597 808 2644 omnes
835 2571 991 2646 fuerunt
1006 2573 1206 2669 adjudicati
1219 2575 1347 2646 morti:
1357 2574 1425 2646 Sed
1441 2576 1500 2647 di-

147 2673 238 2748 vina
264 2671 381 2765 pietas
404 2669 449 2740 de
468 2694 596 2741 eorum
619 2668 835 2740 liberatione
862 2668 1037 2764 providit.
1527 2685 1531 2692 '
1822 2751 1828 2758 ¹

194 2766 292 2855 Quia
309 2766 486 2838 Jeremias
501 2763 740 2860 praedicabat,
756 2763 971 2858 capiendam
990 2791 1069 2837 esse
1087 2766 1275 2839 civitatem
1294 2765 1497 2838 Jerusalem
1517 2773 1611 2822 terem.
1635 2769 1676 2822 ³&
1800 2794 1805 2800 ·

147 2889 169 2933 a
192 2861 394 2951 Chaldaeis,
415 2861 597 2934 dixerunt
619 2859 804 2954 principes
833 2859 962 2954 populi
984 2859 1141 2932 Sedecim
1163 2862 1260 2954 regi:
1285 2861 1406 2932 Homo
1427 2863 1497 2932 iste

146 2983 224 3028 non
246 2959 382 3050 quaerit
405 2981 535 3050 pacem
559 2955 695 3050 populo
717 2953 822 3044 huic,
850 2953 913 3025 sed
936 2955 1089 3028 malum.

195 3049 418 3119 Accedentes
447 3052 522 3121 viri
548 3049 711 3121 Chaldaei
738 3061 1007 3121 accusaverunt
1039 3049 1204 3138 Judaeos,
1231 3048 1394 3122 dicentes
1423 3050 1498 3121 Na·
1516 3061 1585 3110 Dan·
1608 3059 1632 3108 ³·

125 3137 432 3216 'buchodonosor
454 3145 549 3235 regi,
570 3142 671 3235 quod
695 3143 783 3214 socii
806 3143 968 3214 Danielis
995 3169 1072 3214 non
1098 3143 1300 3214 adorabant
1321 3147 1417 3215 Deos
1451 3143 1497 3215 il-
1572 3231 1578 3242 .

146 3239 239 3326 lius,
262 3247 298 3306 et
320 3245 443 3304 essent
468 3249 753 3326 transgressores
785 3237 877 3330 regii
908 3238 1054 3308 decreti.

195 3331 385 3424 Principes
408 3336 444 3395 et
462 3328 621 3418 Satrapae
641 3329 744 3397 Darii
761 3333 855 3422 regis
871 3331 1087 3420 Persarum,
1103 3329 1314 3401 invidentes
1333 3329 1495 3420 Danieli,
1515 3342 1583 3388 Dan·
1606 3341 1630 3387 ⁶·

148 3431 419 3497 accusaverunt
446 3442 531 3493 eum
556 3418 653 3511 apud
682 3443 818 3511 regem,
841 3428 929 3514 quia
958 3426 1036 3514 ipse
1063 3435 1203 3511 oraret,
1228 3433 1265 3491 et
1290 3425 1495 3492 obsecraret

150 3521 266 3593 alium
291 3518 430 3605 Deum,
453 3538 565 3610 quam
591 3512 715 3606 ipsum
737 3537 858 3605 regem
884 3515 1049 3585 Darium.

198 3615 283 3685 Duo
303 3611 359 3681 illi
379 3633 483 3701 senes
504 3606 714 3704 presbyteri
737 3607 859 3677 conati
883 3617 971 3678 sunt
996 3609 1201 3678 Susannam
1223 3607 1383 3700 turpiter
1403 3607 1496 3679 insa·
1514 3621 1582 3670 Dan·
1606 3623 1642 3672 13·
1664 3618 1671 3628 '

149 3735 261 3782 mare.
289 3704 358 3777 Sed
390 3706 490 3776 Deus
526 3727 607 3794 eam
633 3701 851 3774 mirabiliter
883 3727 948 3797 per
981 3703 1226 3774 abstinentem
1253 3725 1412 3795 puerum
1449 3705 1497 3776 li·

150 3805 303 3879 beravit.

199 3901 378 3988 Alcimus,
410 3895 478 3989 qui
510 3894 657 3969 volebat
688 3892 769 3965 fieri
796 3917 963 3966 summus
992 3891 1157 3964 sacerdos
1188 3905 1223 3964 et
1251 3891 1402 3988 quidam
1432 3894 1493 3965 alii
1513 3924 1532 3955 ι.
1557 3907 1643 3957 Mach.
1663 3928 1686 3976 ς»

149 3997 274 4090 iniqui
304 3991 483 4066 dixerunt
511 3991 588 4084 regi
614 3990 817 4062 Demetrio:
845 3989 1010 4061 Perdidit
1040 3985 1154 4059 Judas
1189 3999 1225 4060 et
1252 3989 1383 4060 lintres
1412 3991 1492 4085 ejus

150 4093 289 4170 amicos
310 4099 411 4180 tuos,
433 4097 469 4158 et
490 4111 560 4157 nos
591 4085 846 4181 disperserunt
871 4083 916 4154 de
941 4097 1039 4156 terra
1057 4095 1193 4154 nostra.

198 4185 464 4264 Convenerunt
492 4180 670 4278 adversus
689 4177 878 4256 Jonathan
902 4179 978 4258 viri
1000 4179 1211 4340 ppstilentes
1227 4203 1276 4276 en
1294 4179 1421 4273 lsrael,
1447 4193 1491 4252 ut
1513 4211 1531 4244 ι.
1548 4191 1634 4240 Mam
1650 4205 1686 4240 ιο.
