4464 5464
409 425 674 516 TITULUS
712 429 907 522 CXXXI.
939 433 1212 528 Perversitas.
1408 447 1488 554 243
1620 515 1628 532 ,

22 721 27 742 ,,
172 651 367 750 Principes
376 651 398 726 J
400 653 592 730 udaeorum
600 653 775 730 videntes
787 657 888 732 Petri
902 662 1150 738 mustantiam
1162 677 1200 740 et
1211 665 1380 756 Joannis,
1391 689 1491 740 com·
1509 699 1601 759 Actor.
1622 697 1649 773 ζ,

125 759 235 848 perto
255 749 356 845 quod
373 748 545 824 homines
564 763 687 826 essent
706 753 786 826 sine
800 751 952 850 litteris,
973 769 1011 831 et
1028 755 1177 856 idiotae,
1195 761 1488 844 admirabantur.

172 843 318 920 Videus
340 847 545 942 Barnabas,
568 845 669 942 quod
692 848 802 922 multi
823 851 1050 926 Antiocheni
1071 869 1180 930 erant
1202 857 1250 930 ad
1268 857 1383 931 fidem
1404 881 1490 932 cou-
1507 885 1601 942 Actor.
1618 905 1658 944 ῃ,

125 939 481 1033 versi,hcrtabatur
489 944 687 1034 omnes,iu
699 945 889 1038 proposito
901 949 1021 1022 cordis
1032 975 1249 1045 permanere
1260 956 1302 1026 in
1314 953 1487 1027 Domino.

173 1033 317 1205 Paullus
345 1052 383 1112 et
406 1037 596 1110 Barnabas
618 1050 818 1111 suaserunt
839 1039 1039 1139 fratribus,
1077 1059 1122 1122 ut
1152 1061 1414 1147 permanerent
1445 1049 1488 1123 in
1508 1075 1601 1130 Actor.
1617 1079 1658 1131 1³.

170 1142 246 1204 atra
299 1133 345 1206 ei.

128 1153 338 1334 &Spiritus
361 1237 513 1300 sanctus
535 1253 602 1396 per
626 1253 756 1304 omnes
782 1231 954 1304 civitates
985 1247 1214 1330 protestatur
1229 1215 1371 1332 Paulo,
1395 1264 1492 1337 quo·
1509 1265 1602 1318 Actor.
1622 1282 1664 1318 20.

127 1343 231 1394 nram
253 1320 408 1396 vincula
429 1335 467 1396 et
490 1323 539 1398 tri
568 1325 751 1399 ulationes
773 1326 815 1400 in
838 1325 1044 1402 Jerusalem
1062 1335 1246 1408 sustinere
1267 1333 1408 1408 debeat.
1421 1335 1493 1408 Sed

127 1415 228 1490 nihil
249 1415 386 1490 horum
402 1418 571 1518 (inquit)
599 1445 749 1518 vereor,
767 1445 837 1497 nec
853 1421 952 1498 {acio
973 1427 1139 1504 animam
1156 1455 1279 1505 meam
1296 1431 1494 1528 pretiosio-

127 1537 229 1608 rem,
246 1537 360 1610 quam
383 1539 452 1586 me.

557 1687 825 1779 TITULUS
860 1693 1055 1786 CXXXI.

676 1887 944 1975 Perverst'tas.

123 2012 280 2149 Prima
297 2069 435 2146 mulier
449 2069 621 2146 ordinem
634 2084 780 2150 naturae
798 2074 998 2171 pervertit,
1019 2075 1172 2173 quando
1187 2076 1233 2151 de
1251 2080 1381 2156 fructu
1395 2085 1490 2159 veti·
1508 2105 1577 2160 cen.
1596 2105 1622 2157 s.
1673 2095 1679 2103 “

124 2187 168 2248 to
189 2175 275 2246 viro
292 2167 412 2258 dedit,
430 2181 467 2240 et
484 2167 548 2241 ille
561 2169 733 2242 comedit.
750 2171 848 2244 Cum
862 2171 942 2266 ipse
959 2170 1022 2246 vir
1035 2195 1117 2247 eam
1134 2173 1325 2252 debuisset
1341 2176 1489 2272 docere,

123 2267 221 2368 quid
247 2265 313 2347 illa
334 2263 485 2337 deberet
511 2263 703 2338 comedere
720 2263 783 2340 vel
803 2264 935 2339 vitare.

175 2363 361 2438 Dominus
374 2358 420 2433 de
435 2359 561 2457 spoliis
575 2361 619 2434 AE
696 2361 837 2434 tiorum
851 2359 987 2436 ditavit
1001 2360 1191 2456 liebroeos,
1204 2362 1291 2437 licet
1304 2365 1380 2439 siut
1395 2367 1491 2440 mul·
1507 2381 1593 2438 uxos.
1610 2401 1652 2438 n.

122 2460 175 2555 ti,
190 2457 258 2554 qui
268 2458 392 2532 ditant
408 2457 451 2529 AE
531 2457 602 2530 tius
640 2454 799 2554 espob'is
811 2455 1053 2530 Hebraeorum
1065 2458 1225 2549 ,scilicet
1241 2461 1490 2535 usurarii'etc.

174 2553 263 2628 Filii
284 2553 400 2627 lsra'el
424 2553 467 2626 in
519 2563 639 2628 eserto
661 2553 857 2649 penuriam
879 2553 1063 2648 patientes
1085 2555 1277 2649 dicebant,
1308 2581 1347 2628 se
1378 2581 1491 2652 super
1507 2587 1593 2652 md,
1609 2587 1651 2644 ,6,

120 2650 219 2726 ollas
244 2649 415 2724 carnium
435 2650 479 2724 in
496 2651 659 2748 AEgypto
676 2645 815 2722 sedisse
836 2672 845 2719 ι
872 2647 936 2721 sed
959 2673 1037 2722 non
1057 2647 1244 2723 faciebant
1259 2651 1491 2725 mentionem

121 2749 172 2822 de
191 2744 410 2844 gravissima
432 2746 631 2840 servitute,
649 2756 716 2818 aut
734 2744 948 2838 severitate,
965 2743 1043 2841 qud
1060 2745 1316 2822 vexabantur.

172 2843 328 2918 Dicebat
345 2868 393 2940 pc
420 2847 504 2916 ulus
525 2841 568 2916 in
586 2839 733 2916 deserto
751 2864 760 2910 τ
781 2839 1034 2915 Recordemur
1051 2843 1233 2939 piscium,
1248 2867 1344 2940 quos
1367 2865 1493 2916 come-
1508 2856 1590 2914 Num.
1605 2871 1646 2911 ιι.
1751 2867 1758 2874 ·

119 2939 305 3016 debemus
319 2936 361 3012 'm
420 2949 537 3040 gypto
551 2937 676 3106 w
692 2935 787 3010 Cum
807 2945 936 3010 tamen
952 2948 1047 3010 tunc
1069 2938 1492 3050 seruitutegruvissima

123 3045 401 3130 premerentur,
410 3035 558 3105 nuncli
625 3035 632 3050 '
652 3035 695 3106 in
708 3031 855 3106 deserto
869 3058 966 3129 pane
979 3033 1214 3129 angelorum,
1230 3031 1315 3108 crbo
1332 3031 1491 3133 saprdrs-

125 3127 225 3204 simo
246 3121 327 3196 sine
346 3122 473 3196 labore
494 3123 582 3193 dato
602 3125 752 3194 coelitus
774 3124 975 3198 alerentur.

176 3213 425 3294 Narrantibus
459 3213 760 3312 exploratoribus
798 3213 1031 3323 conditiones
1063 3228 1177 3292 terrae
1216 3221 1489 3316 promissionis,
1506 3237 1588 3296 uum.
1610 3240 1651 3297 ιε.

125 3313 254 3394 voluit
267 3307 430 3413 populus
445 3319 576 3384 contra
592 3307 828 3386 voluntatem
845 3308 915 3380 Der
927 3333 969 3382 1n
990 3311 1035 3384 AE
1113 3322 1197 3384 tum
1213 3313 1354 3404 redire,
1372 3325 1410 3386 et
1425 3339 1491 3386 ne·

124 3405 444 3580 quaqssamultru
465 3401 782 3574 Rmoe‘dergfiggo
797 3427 890 3478 vero
909 3415 994 3501 post
1013 3431 1066 3481 vo
1079 3407 1138 3480 uit
1160 3417 1291 3482 contra
1310 3405 1494 3482 volunta-

120 3521 701 3678 teIllocdiililldtillaliinellndliirou
721 3620 745 3668 a
759 3547 918 3694 blame,
934 3592 1234 3694 responderunt:
1256 3593 1343 3668 Non
1358 3591 1490 3672 venie·
1507 3610 1588 3666 uum.
1602 3614 1641 3668 tc.

128 3723 238 3794 mus;
254 3693 344 3774 Nun
370 3694 438 3771 uid
458 3721 594 3795 parum
615 3691 777 3790 esttibi,
799 3691 901 3792 quod
923 3689 1091 3770 eduxisti
1111 3715 1182 3767 nos
1202 3690 1386 3823 deterre,
1402 3711 1490 3789 que

125 3795 295 3966 laci’istiit
311 3817 469 3989 lttoysens1
471 3788 734 3987 aaniiipaetlldom
741 3884 872 3963 dicens
883 3827 895 3959 εΔ
908 3886 1174 3981 obsecramus,
1186 3894 1232 3960 ut
1241 3882 1350 3960 nobis
1367 3891 1491 3994 nans·
1507 3901 1590 3962 unm.
1609 3919 1654 3960 ιο.

121 3988 189 4066 ‘ire
203 3985 313 4062 liceat
328 4009 397 4083 per
408 3999 549 4061 terram
569 3996 693 4081 tuam,
714 4009 792 4060 nou
805 3983 946 4088 ibimus
958 4007 1026 4083 per
1042 4007 1166 4094 agros,
1187 3980 1252 4056 sed
1264 3980 1329 4058 via
1339 3977 1492 4078 pubhca

132 4082 359 4184 gradiemur.
387 4080 591 4182 Respondit
619 4091 747 4156 tamen
773 4081 838 4156 ille
864 4103 873 4154 ε
898 4079 985 4156 Non
1009 4079 1217 4156 trunsib1t1s
1241 4103 1309 4178 per
1333 4087 1491 4171 terram

132 4179 304 4278 alioquin
325 4191 490 4252 armatus
511 4201 705 4254 occurram
724 4175 806 4252 tibi.
1487 4201 1492 4210 ·

126 4305 130 4312 ·
183 4273 311 4351 Simile
332 4273 467 4348 accidit
492 4273 539 4349 de
569 4275 666 4348 Seon
695 4296 781 4346 ree
810 4271 1133 4370 Amorrhoeontm3
1155 4269 1220 4345 sed
1248 4271 1340 4371 quia
1366 4266 1491 4348 notuit
1506 4273 1591 4339 Nm·
1607 4292 1652 4334 κ.
1761 4289 1766 4304 ·

133 4371 337 4466 consedere
362 4369 647 4476 praeminuit
676 4391 717 4450 m
757 4379 809 4473 ta,
1121 4459 1268 4544 th
