4498 5462
726 511 805 591 ¹7⁰
860 480 1121 570 TITULUS
1150 483 1240 571 XC.
1283 486 1540 614 Liberalitas
1581 507 1624 572 et
1648 494 1957 584 misericordia.
2056 508 2061 517 '

525 725 622 787 narrt.
636 741 662 778 2.
771 705 916 802 apertis
932 709 1116 784 thesauris
1135 714 1228 801 suis,
1238 737 1315 785 non
1332 712 1457 808 parvis
1472 709 1605 782 loculis
1621 712 1682 802 ,in
1700 717 1839 810 quibus
1855 723 1955 796 oboli
1970 748 2084 818 repo-

724 805 1809 904 nuntur,0btuleruntMagiDominopauperiaurum,thus
1827 821 1908 890 etM
1942 815 2083 889 rrham.

527 921 623 972 Merit.
638 937 675 987 ¹9·
774 897 989 992 Magnificus
1017 919 1053 975 et
1071 903 1196 999 largus
1211 914 1469 976 remunerator
1486 901 1679 1008 Dominus.
1692 919 1747 977 est
1760 961 1770 998 ,
1783 911 1851 1002 qui
1872 843 2084 1003 relinquen-

724 992 825 1063 tibus
844 1008 993 1089 propter
1008 1023 1093 1072 eum
1109 999 1434 1094 temporalia'bona
1450 993 1572 1068 reddit
1588 1000 1809 1096 centuplum
1820 1005 1863 1076 in
1879 1003 1951 1075 hoc
1967 1025 2078 1076 surcu-

722 1086 775 1180 lo,
790 1101 827 1158 et
857 1093 975 1162 vitam
997 1105 1173 1165 aeternam
1195 1096 1237 1165 in
1259 1093 1399 1164 futuro.

529 1205 682 1264 uptun.
770 1183 831 1254 Ex
843 1185 903 1276 pia
917 1183 1136 1258 liberalitate
1154 1187 1394 1282 proveniebat
1408 1185 1529 1279 ,quod
1541 1187 1726 1262 Dominus
1742 1191 1945 1288 discipulos
1961 1196 2076 1289 spicas
2109 1199 2119 1224 ”
2247 1214 2248 1229 ’

722 1275 900 1350 vellentes
917 1282 1078 1352 sabbatis
1095 1292 1133 1352 et
1148 1280 1320 1352 manibus
1337 1279 1584 1352 confricantes
1601 1297 1731 1358 contra
1746 1286 1955 1361 Pharisaeos
1969 1289 2077 1361 male·

723 1370 824 1444 dicos
841 1371 1072 1445 defendebat.
1772 1403 1776 1410 ’

528 1485 593 1536 Luc.
619 1483 645 1536 5.
773 1466 920 1548 Efonte
931 1468 1161 1542 liberalitatis
1181 1469 1368 1563 dimanat,
1385 1470 1484 1568 quod
1504 1473 1687 1546 Dominus
1704 1489 1909 1570 peccatores
1928 1479 1973 1548 ad
1986 1504 2085 1564 cons

529 1566 628 1618 Mutth·
642 1583 670 1633 a·
724 1559 971 1652 vescendum,
986 1563 1033 1634 ad
1053 1565 1362 1661 colloquendum,
1377 1580 1414 1638 et
1433 1567 1672 1642 osculandum
1691 1571 1837 1642 admisit
1853 1571 1898 1640 de
1914 1573 2076 1668 populo,

726 1665 772 1725 ut
794 1667 895 1748 patet
913 1659 1080 1728 Matthaei
1101 1684 1135 1754 9.
1162 1673 1200 1730 et
1226 1663 1336 1733 Lucae
1363 1663 1395 1735 5.

530 1786 594 1838 Luc.
606 1785 646 1836 ,5,
667 1801 707 1852 ¹9·
740 1779 743 1788 ·
774 1749 866 1818 Item
884 1759 920 1818 et
935 1749 981 1818 de
995 1751 1068 1821 illis
1084 1753 1293 1846 publicanis
1308 1759 1580 1852 peccatoribus,
1591 1762 1655 1854 qui
1669 1759 2013 1854 appropinquabant
2024 1761 2077 1834 ad
2112 1817 2117 1822 -

529 1852 594 1904 Luc'·
621 1864 653 1920 γυ
726 1840 885 1932 euur‚'ut
898 1841 1071 1919 audirent
1086 1846 1258 1922 illumEt
1270 1850 1674 1950 deZachoeo,Lucae19.
1685 1853 1913 2018 Exemelurn
1924 1879 2079 1950 quoque

531 1917 691 2052 ffl'ff
727 1936 772 2009 de
795 1939 927 2028 Maria,
945 1965 1029 2033 quae
1051 1942 1289 2032 osculabatur
1308 1949 1418 2043 pedes
1438 1951 1530 2044 ejus.
1556 1951 1646 2020 Item
1668 1947 1770 2020 etde
1817 1947 1909 2037 uda,
1927 1963 2080 2046 propter

727 2031 827 2127 quod
849 2034 1088 2128 benignitatis
1109 2039 1255 2132 signum
1283 2043 1419 2115 infelix
1440 2045 1551 2138 citiirs
1574 2043 2006 2140 resipiscere-debuisset.

531 2139 629 2194 Maru.
653 2141 690 2208 14.
776 2129 918 2201 Secura
945 2144 1034 2209 sunt
1052 2134 1180 2205 turbae
1202 2136 1389 2232 pedestres
1418 2140 1622 2212 Dominum
1649 2139 1777 2212 Jesum
1800 2137 1845 2210 de
1865 2139 2078 2216 civitatibus

726 2225 767 2296 in
786 2222 983 2296 desertum.
1004 2227 1165 2324 Vespere
1189 2245 1312 2306 autem
1335 2233 1434 2306 facto
1460 2235 1639 2307 dixerunt
1662 2237 1696 2307 ei
1721 2234 1908 2331 discipuli.
1927 2238 2082 2311 Dimitte

726 2318 941 2412 turbas,-ut
967 2335 1099 2396 euntes
1128 2341 1254 2402 emant
1277 2329 1348 2402 sibi
1369 2355 1480 2403 escas.
1503 2331 1585 2426 Ipse
1604 2355 1697 2405 vero
1717 2343 1893 2426 tanquam
1914 2329 2080 2405 liberalis

624 2423 627 2430 '
725 2438 783 2486 res
811 2413 917 2487 ondit
933 2417 1053 2491 :Date
1075 2420 1147 2496 illis
1171 2450 1240 2497 vos
1255 2425 1489 2499 manducare.

721 2531 726 2540 ·
775 2441 1042 2581 Ilistrlbuendo
1064 2529 1100 2580 et
1116 2519 1348 2587 restituendo
1364 2522 1487 2615 largus
1508 2517 1581 2593 suit
1597 2521 1792 2615 ZachaeUS,
1811 2548 1895 2596 cum
1918 2522 2017 2595 dlxii
2031 2521 2079 2596 ad

726 2601 931 2706 Dominum
945 2623 952 2666 :
968 2601 1063 2674 Ecce
1079 2603 1282 2681 dimidium
1304 2611 1488 2686 bonorum
1510 2642 1678 2700 meorum
1710 2619 1759 2691 do
1778 2619 2022 2718 pauperibus,
2041 2631 2079 2692 et

728 2691 760 2762 si
775 2689 870 2784 quid
885 2691 1046 2790 ahquem
1069 2697 1308 2799 defraudavi,
1328 2708 1443 2781 reddo
1465 2711 1727 2810 quadruplum.

776 2785 925 2858 Donum
947 2797 1181 2888 pauperculae
1191 2800 1335 2892 viduae,
1352 2813 1437 2898 qu'ae
1448 2808 1550 2878 misit
1570 2807 1645 2882 duo
1656 2833 1728 2882 aera
1746 2810 1943 2883 minutain
1955 2811 2082 2883 Gazo-

725 2878 964 3045 phplacium,
986 2887 1184 3000 praefertur
1209 2919 1231 2963 a
1252 2894 1414 3006 Domino
1436 2904 1655 2978 muneribus
1676 2905 1843 2980 divitum.
1941 3001 1949 3016 .

811 2973 891 3046 alde
908 2976 1074 3056 liberalis
1096 2982 1170 3058 furt
1191 2988 1374 3065 Dominus
1397 2993 1534 3069 latroni
1560 2997 1735 3095 pendenti
1755 3013 1791 3073 et
1812 3011 1973 3096 petenti:
1993 3005 2081 3072 Me-

726 3081 853 3143 mento
875 3075 976 3166 mei,
995 3101 1081 3150 cum
1101 3085 1249 3157 veneris
1276 3085 1318 3158 in
1343 3113 1499 3186 regnum
1524 3108 1645 3167 tuum.
1668 3097 1716 3169 Et
1741 3096 1841 3169 dixit
1861 3095 1920 3169 illi
1947 3095 2082 3170 lesus:

725 3167 844 3237 Amen
864 3165 1045 3264 dicotibi,
1063 3173 1175 3250 hodie
1196 3205 1342 3256 mecum
1364 3189 1436 3259 eris
1458 3189 1499 3260 in
1520 3191 1699 3286 paradiso.
1788 3221 1791 3228 ·

772 3261 1041 3356 Benignitatem
1064 3282 1102 3342 et
1123 3272 1380 3352 liberalitatem
1399 3281 1648 3377 dignatusest
1668 3289 1852 3362 Dominus
1868 3282 2082 3379 ostendere,

725 3356 876 3464 quando
897 3374 1052 3437 vocatus
1078 3366 1125 3439 ad
1146 3373 1297 3464 nuptias
1327 3400 1525 3472 pauperes,
1545 3381 1638 3472 ivit,
1658 3396 1694 3457 et
1716 3383 1850 3457 ibidem
1873 3405 2007 3478 aquam
2029 3381 2080 3454 in

723 3475 855 3522 rmum
880 3462 1080 3552 convertit,
1099 3477 1144 3536 ut
1164 3464 1391 3544 exhilararet
1410 3498 1587 3570 pauperes
1610 3477 1892 3554 discumbentes.

771 3549 904 3642 Magna
925 3551 994 3662 Dei
1010 3554 1210 3634 liberalitas
1232 3580 1382 3659 apparet
1399 3568 1440 3640 in
1458 3571 1522 3642 illa
1544 3573 1789 3648 similitudine
1811 3575 1855 3648 de
1878 3599 1988 3649 servo
2009 3597 2084 3646 ne-

723 3663 858 3806 quaprt,
877 3668 940 3718 cur
961 3646 1060 3724 dixit
1081 3654 1292 3732 Dominus:
1315 3663 1435 3736 Omne
1458 3666 1626 3741 debitum
1645 3669 1771 3744 dimisi
1788 3673 1878 3766 tibi,
1899 3669 2081 3767 quoniam

655 3763 661 3770 ·
722 3759 861 3826 rogasr
885 3763 955 3812 rne.

771 3828 929 3946 Joseh,
946 3839 1013 3934 qui
1042 3847 1322 3940 cognominatus
1346 3867 1401 3927 est
1422 3856 1627 3952 Bamabas‚
1644 3887 1729 3936 cum
1753 3861 1906 3936 haberet
1928 3882 2084 3954 agrum,

723 3925 838 4091 tvelndr
880 3941 904 4022 t
918 3931 1026 4007 illum
1038 3990 1049 4028 ,
1076 3949 1113 4012 et
1134 3941 1261 4017 attulit
1287 3949 1472 4045 pretium,
1498 3968 1535 4027 et
1559 3959 1685 4054 posuit
1715 3957 1934 4055 antepedes
1962 3957 2090 4052 Apos-

739 4044 762 4090 ο
777 4045 896 4092 orum.

770 4113 975 4227 Audientes
1002 4120 1197 4224 discipuli,
1222 4137 1289 4231 qui
1312 4153 1417 4214 erant
1439 4143 1668 4241 Antiochiae,
1689 4149 1790 4246 quod
1812 4147 1928 4224 frames
1946 4146 2096 4218 futura.

723 4218 802 4279 erat
820 4231 860 4279 m
881 4235 1059 4291 universo
1080 4221 1187 4320 orbe,
1200 4252 1476 4400 proposuerunt
1497 4241 1538 4314 in
1564 4245 1817 4320 ministerium
1839 4247 1981 4320 mittere
2005 4236 2096 4310 ha-

721 4301 929 4377 bitantibus
947 4307 1127 4391 fratribus
1145 4322 1187 4394 in
1212 4323 1262 4397 Ju
1288 4353 1342 4404 sea
1358 4355 1366 4402 :
1385 4332 1495 4427 Quod
1523 4351 1561 4413 et
1585 4337 1775 4440 fecerunt,
1793 4341 1985 4418 mittentes
2018 4357 2105 4434 Pel·

720 4417 854 4474 manus
874 4399 1053 4484 Barnabas
1074 4425 1112 4490 et
1137 4417 1268 4494 Saulis.
1337 4501 1343 4510 ,
1384 4427 1394 4436 ’
