<?xml version="1.0" encoding="UTF-8"?>
<!DOCTYPE html PUBLIC "-//W3C//DTD XHTML 1.0 Transitional//EN"
    "http://www.w3.org/TR/xhtml1/DTD/xhtml1-transitional.dtd">
<html xmlns="http://www.w3.org/1999/xhtml" xml:lang="en" lang="en">
 <head>
  <title>
</title>
<meta http-equiv="Content-Type" content="text/html;charset=utf-8" />
  <meta name='ocr-system' content='tesseract 3.04.00' />
  <meta name='ocr-capabilities' content='ocr_page ocr_carea ocr_par ocr_line ocrx_word'/>
</head>
<body>
  <div class='ocr_page' id='page_1' title='image "./exemplabiblicai00hanagoog_0322.png"; bbox 0 0 4452 5462; ppageno 0'>
   <div class='ocr_carea' id='block_1_1' title="bbox 271 419 1587 570">
    <p class='ocr_par' dir='ltr' id='par_1_1' title="bbox 271 387 1587 570">
     <span class='ocr_line' id='line_1_1' title="bbox 271 419 1587 570; baseline 0.008 -36"><span class='ocrx_word' id='word_1_1' title='bbox 271 419 1587 570; x_wconf 58' lang='lat' dir='ltr'><strong>mmmmmmummmmm.m‘</strong></span> 
     </span>
    </p>
   </div>
   <div class='ocr_carea' id='block_1_2' title="bbox 53 657 1657 2204">
    <p class='ocr_par' dir='ltr' id='par_1_2' title="bbox 53 657 1657 2204">
     <span class='ocr_line' id='line_1_2' title="bbox 188 657 1653 773; baseline 0.006 -31"><span class='ocrx_word' id='word_1_2' title='bbox 188 669 328 744; x_wconf 87' lang='lat' dir='ltr'><strong>Petivit</strong></span> <span class='ocrx_word' id='word_1_3' title='bbox 370 657 510 763; x_wconf 85' lang='lat' dir='ltr'><strong>Sathan</strong></span> <span class='ocrx_word' id='word_1_4' title='bbox 543 689 566 742; x_wconf 86' lang='lat' dir='ltr'><strong>a</strong></span> <span class='ocrx_word' id='word_1_5' title='bbox 601 667 786 762; x_wconf 90' lang='lat' dir='ltr'><strong>Domino,</strong></span> <span class='ocrx_word' id='word_1_6' title='bbox 812 681 857 743; x_wconf 90' lang='lat' dir='ltr'><strong>ut</strong></span> <span class='ocrx_word' id='word_1_7' title='bbox 886 671 957 745; x_wconf 90' lang='lat' dir='ltr'><strong>Job</strong></span> <span class='ocrx_word' id='word_1_8' title='bbox 984 681 1202 773; x_wconf 88' lang='lat' dir='ltr'><strong>tangeretur</strong></span> <span class='ocrx_word' id='word_1_9' title='bbox 1230 679 1274 752; x_wconf 93' lang='lat' dir='ltr'><strong>in</strong></span> <span class='ocrx_word' id='word_1_10' title='bbox 1304 679 1437 771; x_wconf 88' lang='lat' dir='ltr'><strong>rebus,</strong></span> <span class='ocrx_word' id='word_1_11' title='bbox 1467 688 1504 750; x_wconf 91' lang='lat' dir='ltr'><strong>et</strong></span> <span class='ocrx_word' id='word_1_12' title='bbox 1520 713 1653 768; x_wconf 39' lang='lat' dir='ltr'><strong>aba,</strong></span> 
     </span>
     <span class='ocr_line' id='line_1_3' title="bbox 136 763 1504 872; baseline 0.007 -35"><span class='ocrx_word' id='word_1_13' title='bbox 136 763 267 838; x_wconf 86' lang='lat' dir='ltr'><strong>liberis</strong></span> <span class='ocrx_word' id='word_1_14' title='bbox 297 778 334 838; x_wconf 90' lang='lat' dir='ltr'><strong>et</strong></span> <span class='ocrx_word' id='word_1_15' title='bbox 362 789 526 860; x_wconf 86' lang='lat' dir='ltr'><strong>corpore.</strong></span> <span class='ocrx_word' id='word_1_16' title='bbox 540 831 544 846; x_wconf 87' lang='grc'><em>,</em></span> <span class='ocrx_word' id='word_1_17' title='bbox 560 765 607 836; x_wconf 91' lang='lat' dir='ltr'><strong>In</strong></span> <span class='ocrx_word' id='word_1_18' title='bbox 637 789 713 860; x_wconf 90' lang='lat' dir='ltr'><strong>quo</strong></span> <span class='ocrx_word' id='word_1_19' title='bbox 737 775 861 863; x_wconf 86' lang='lat' dir='ltr'><strong>potest</strong></span> <span class='ocrx_word' id='word_1_20' title='bbox 886 771 1010 844; x_wconf 87' lang='lat' dir='ltr'><strong>notari</strong></span> <span class='ocrx_word' id='word_1_21' title='bbox 1037 785 1074 846; x_wconf 81' lang='lat' dir='ltr'><strong>et</strong></span> <span class='ocrx_word' id='word_1_22' title='bbox 1095 769 1304 872; x_wconf 90' lang='lat' dir='ltr'><strong>calliditas,</strong></span> <span class='ocrx_word' id='word_1_23' title='bbox 1319 786 1356 848; x_wconf 86' lang='lat' dir='ltr'><strong>et</strong></span> <span class='ocrx_word' id='word_1_24' title='bbox 1378 773 1504 870; x_wconf 87' lang='lat' dir='ltr'><strong>malig-</strong></span> 
     </span>
     <span class='ocr_line' id='line_1_4' title="bbox 137 860 727 958; baseline 0.002 -27"><span class='ocrx_word' id='word_1_25' title='bbox 137 861 258 958; x_wconf 85' lang='lat' dir='ltr'><strong>nitas,</strong></span> <span class='ocrx_word' id='word_1_26' title='bbox 285 873 323 934; x_wconf 86' lang='lat' dir='ltr'><strong>et</strong></span> <span class='ocrx_word' id='word_1_27' title='bbox 347 861 547 934; x_wconf 86' lang='lat' dir='ltr'><strong>infirmitas</strong></span> <span class='ocrx_word' id='word_1_28' title='bbox 573 860 727 934; x_wconf 88' lang='lat' dir='ltr'><strong>inimici.</strong></span> 
     </span>
     <span class='ocr_line' id='line_1_5' title="bbox 187 955 1644 1065; baseline 0.005 -37"><span class='ocrx_word' id='word_1_29' title='bbox 187 955 272 1035; x_wconf 90' lang='lat' dir='ltr'><strong>Non</strong></span> <span class='ocrx_word' id='word_1_30' title='bbox 291 956 444 1052; x_wconf 82' lang='lat' dir='ltr'><strong>expedit</strong></span> <span class='ocrx_word' id='word_1_31' title='bbox 463 955 688 1030; x_wconf 70' lang='lat' dir='ltr'><strong>tentationes</strong></span> <span class='ocrx_word' id='word_1_32' title='bbox 708 983 795 1031; x_wconf 89' lang='lat' dir='ltr'><strong>suas</strong></span> <span class='ocrx_word' id='word_1_33' title='bbox 809 959 975 1036; x_wconf 80' lang='lat' dir='ltr'><strong>revelare</strong></span> <span class='ocrx_word' id='word_1_34' title='bbox 991 963 1103 1040; x_wconf 86' lang='lat' dir='ltr'><strong>alicui</strong></span> <span class='ocrx_word' id='word_1_35' title='bbox 1118 965 1284 1060; x_wconf 89' lang='lat' dir='ltr'><strong>homini,</strong></span> <span class='ocrx_word' id='word_1_36' title='bbox 1300 992 1413 1065; x_wconf 82' lang='lat' dir='ltr'><strong>quam</strong></span> <span class='ocrx_word' id='word_1_37' title='bbox 1429 991 1503 1040; x_wconf 90' lang='lat' dir='ltr'><strong>cre·</strong></span> <span class='ocrx_word' id='word_1_38' title='bbox 1521 983 1592 1035; x_wconf 78' lang='lat' dir='ltr'><strong>nau.</strong></span> <span class='ocrx_word' id='word_1_39' title='bbox 1605 977 1644 1031; x_wconf 62' lang='grc' dir='ltr'><strong>ιλ</strong></span> 
     </span>
     <span class='ocr_line' id='line_1_6' title="bbox 134 1051 1505 1154; baseline 0.009 -32"><span class='ocrx_word' id='word_1_40' title='bbox 134 1051 195 1132; x_wconf 73' lang='lat' dir='ltr'><strong>&#39;dit</strong></span> <span class='ocrx_word' id='word_1_41' title='bbox 205 1066 390 1133; x_wconf 88' lang='lat' dir='ltr'><strong>tentatum</strong></span> <span class='ocrx_word' id='word_1_42' title='bbox 404 1051 450 1122; x_wconf 91' lang='lat' dir='ltr'><strong>de</strong></span> <span class='ocrx_word' id='word_1_43' title='bbox 466 1053 581 1126; x_wconf 90' lang='lat' dir='ltr'><strong>simili</strong></span> <span class='ocrx_word' id='word_1_44' title='bbox 591 1065 741 1146; x_wconf 83' lang='lat' dir='ltr'><strong>peccato</strong></span> <span class='ocrx_word' id='word_1_45' title='bbox 752 1051 921 1146; x_wconf 86' lang='lat' dir='ltr'><strong>fore,sed</strong></span> <span class='ocrx_word' id='word_1_46' title='bbox 934 1063 1048 1154; x_wconf 85' lang='lat' dir='ltr'><strong>magis</strong></span> <span class='ocrx_word' id='word_1_47' title='bbox 1060 1059 1172 1136; x_wconf 87' lang='lat' dir='ltr'><strong>alicui</strong></span> <span class='ocrx_word' id='word_1_48' title='bbox 1183 1063 1342 1137; x_wconf 87' lang='lat' dir='ltr'><strong>discreto</strong></span> <span class='ocrx_word' id='word_1_49' title='bbox 1353 1074 1389 1135; x_wconf 86' lang='lat' dir='ltr'><strong>et</strong></span> <span class='ocrx_word' id='word_1_50' title='bbox 1402 1087 1505 1136; x_wconf 88' lang='lat' dir='ltr'><strong>sanc·</strong></span> 
     </span>
     <span class='ocr_line' id='line_1_7' title="bbox 137 1149 1505 1252; baseline 0.007 -33"><span class='ocrx_word' id='word_1_51' title='bbox 137 1166 197 1246; x_wconf 80' lang='lat' dir='ltr'><strong>to,</strong></span> <span class='ocrx_word' id='word_1_52' title='bbox 209 1157 277 1250; x_wconf 90' lang='lat' dir='ltr'><strong>qui</strong></span> <span class='ocrx_word' id='word_1_53' title='bbox 292 1174 379 1220; x_wconf 90' lang='lat' dir='ltr'><strong>eum</strong></span> <span class='ocrx_word' id='word_1_54' title='bbox 392 1149 627 1222; x_wconf 81' lang='lat' dir='ltr'><strong>confortatio</strong></span> <span class='ocrx_word' id='word_1_55' title='bbox 639 1150 748 1221; x_wconf 83' lang='lat' dir='ltr'><strong>bono</strong></span> <span class='ocrx_word' id='word_1_56' title='bbox 758 1151 869 1224; x_wconf 91' lang='lat' dir='ltr'><strong>Unde</strong></span> <span class='ocrx_word' id='word_1_57' title='bbox 881 1151 956 1224; x_wconf 86' lang='lat' dir='ltr'><strong>duo</strong></span> <span class='ocrx_word' id='word_1_58' title='bbox 969 1157 1247 1252; x_wconf 87' lang='lat' dir='ltr'><strong>senes,quando</strong></span> <span class='ocrx_word' id='word_1_59' title='bbox 1259 1159 1330 1234; x_wconf 91' lang='lat' dir='ltr'><strong>sibi</strong></span> <span class='ocrx_word' id='word_1_60' title='bbox 1340 1161 1505 1233; x_wconf 86' lang='lat' dir='ltr'><strong>invicem</strong></span> 
     </span>
     <span class='ocr_line' id='line_1_8' title="bbox 135 1245 1503 1346; baseline 0.001 -23"><span class='ocrx_word' id='word_1_61' title='bbox 135 1246 479 1345; x_wconf 81' lang='lat' dir='ltr'><strong>concupiscentiam</strong></span> <span class='ocrx_word' id='word_1_62' title='bbox 497 1271 607 1318; x_wconf 90' lang='lat' dir='ltr'><strong>suam</strong></span> <span class='ocrx_word' id='word_1_63' title='bbox 625 1245 907 1339; x_wconf 85' lang='lat' dir='ltr'><strong>indicaverunt,</strong></span> <span class='ocrx_word' id='word_1_64' title='bbox 929 1247 976 1320; x_wconf 93' lang='lat' dir='ltr'><strong>ad</strong></span> <span class='ocrx_word' id='word_1_65' title='bbox 995 1252 1102 1346; x_wconf 82' lang='lat' dir='ltr'><strong>pejus</strong></span> <span class='ocrx_word' id='word_1_66' title='bbox 1149 1255 1316 1328; x_wconf 84' lang='lat' dir='ltr'><strong>rovocati</strong></span> <span class='ocrx_word' id='word_1_67' title='bbox 1336 1253 1503 1328; x_wconf 85' lang='lat' dir='ltr'><strong>fuerunt.</strong></span> 
     </span>
     <span class='ocr_line' id='line_1_9' title="bbox 193 1279 1657 1446; baseline 0.003 -30"><span class='ocrx_word' id='word_1_68' title='bbox 193 1341 368 1417; x_wconf 88' lang='lat' dir='ltr'><strong>Tentatio</strong></span> <span class='ocrx_word' id='word_1_69' title='bbox 403 1341 555 1413; x_wconf 88' lang='lat' dir='ltr'><strong>Domini</strong></span> <span class='ocrx_word' id='word_1_70' title='bbox 591 1365 663 1414; x_wconf 90' lang='lat' dir='ltr'><strong>nos</strong></span> <span class='ocrx_word' id='word_1_71' title='bbox 690 1343 857 1416; x_wconf 86' lang='lat' dir='ltr'><strong>instituit</strong></span> <span class='ocrx_word' id='word_1_72' title='bbox 890 1343 937 1416; x_wconf 87' lang='lat' dir='ltr'><strong>ad</strong></span> <span class='ocrx_word' id='word_1_73' title='bbox 958 1279 1206 1421; x_wconf 74' lang='lat' dir='ltr'><strong>&#39;vincendum</strong></span> <span class='ocrx_word' id='word_1_74' title='bbox 1239 1375 1351 1422; x_wconf 89' lang='lat' dir='ltr'><strong>omne</strong></span> <span class='ocrx_word' id='word_1_75' title='bbox 1389 1375 1505 1446; x_wconf 87' lang='lat' dir='ltr'><strong>genus</strong></span> <span class='ocrx_word' id='word_1_76' title='bbox 1521 1369 1657 1436; x_wconf 60' lang='lat' dir='ltr'><strong>natatus</strong></span> 
     </span>
     <span class='ocr_line' id='line_1_10' title="bbox 140 1435 1629 1542; baseline 0.004 -28"><span class='ocrx_word' id='word_1_77' title='bbox 140 1440 369 1514; x_wconf 87' lang='lat' dir='ltr'><strong>tentationis.</strong></span> <span class='ocrx_word' id='word_1_78' title='bbox 394 1435 484 1509; x_wconf 89' lang='lat' dir='ltr'><strong>Fuit</strong></span> <span class='ocrx_word' id='word_1_79' title='bbox 504 1437 604 1510; x_wconf 89' lang='lat' dir='ltr'><strong>enim</strong></span> <span class='ocrx_word' id='word_1_80' title='bbox 627 1450 793 1511; x_wconf 88' lang='lat' dir='ltr'><strong>tentatus</strong></span> <span class='ocrx_word' id='word_1_81' title='bbox 816 1463 838 1509; x_wconf 90' lang='lat' dir='ltr'><strong>a</strong></span> <span class='ocrx_word' id='word_1_82' title='bbox 863 1440 984 1514; x_wconf 91' lang='lat' dir='ltr'><strong>tribus</strong></span> <span class='ocrx_word' id='word_1_83' title='bbox 999 1495 1011 1534; x_wconf 93' lang='lat'><strong>,</strong></span> <span class='ocrx_word' id='word_1_84' title='bbox 1025 1441 1073 1513; x_wconf 87' lang='lat' dir='ltr'><strong>ad</strong></span> <span class='ocrx_word' id='word_1_85' title='bbox 1098 1465 1185 1539; x_wconf 76' lang='lat' dir='ltr'><strong>quae</strong></span> <span class='ocrx_word' id='word_1_86' title='bbox 1202 1446 1329 1518; x_wconf 87' lang='lat' dir='ltr'><strong>omnia</strong></span> <span class='ocrx_word' id='word_1_87' title='bbox 1347 1441 1505 1542; x_wconf 75' lang='lat' dir='ltr'><strong>possunt</strong></span> <span class='ocrx_word' id='word_1_88' title='bbox 1522 1473 1587 1526; x_wconf 78' lang='lat' dir='ltr'><strong>nuc.</strong></span> <span class='ocrx_word' id='word_1_89' title='bbox 1601 1471 1629 1538; x_wconf 74' lang='grc'><strong>4.</strong></span> 
     </span>
     <span class='ocr_line' id='line_1_11' title="bbox 139 1533 1508 1638; baseline 0.004 -29"><span class='ocrx_word' id='word_1_90' title='bbox 139 1547 371 1609; x_wconf 86' lang='lat' dir='ltr'><strong>tentamenta</strong></span> <span class='ocrx_word' id='word_1_91' title='bbox 391 1533 530 1605; x_wconf 87' lang='lat' dir='ltr'><strong>reduci.</strong></span> <span class='ocrx_word' id='word_1_92' title='bbox 560 1535 611 1606; x_wconf 88' lang='lat' dir='ltr'><strong>Et</strong></span> <span class='ocrx_word' id='word_1_93' title='bbox 626 1545 745 1627; x_wconf 88' lang='lat' dir='ltr'><strong>nota,</strong></span> <span class='ocrx_word' id='word_1_94' title='bbox 768 1536 868 1630; x_wconf 92' lang='lat' dir='ltr'><strong>quod</strong></span> <span class='ocrx_word' id='word_1_95' title='bbox 902 1561 979 1609; x_wconf 87' lang='lat' dir='ltr'><strong>non</strong></span> <span class='ocrx_word' id='word_1_96' title='bbox 1008 1562 1076 1633; x_wconf 89' lang='lat' dir='ltr'><strong>per</strong></span> <span class='ocrx_word' id='word_1_97' title='bbox 1101 1539 1327 1635; x_wconf 82' lang='lat' dir='ltr'><strong>potentiam,</strong></span> <span class='ocrx_word' id='word_1_98' title='bbox 1345 1541 1410 1615; x_wconf 89' lang='lat' dir='ltr'><strong>sed</strong></span> <span class='ocrx_word' id='word_1_99' title='bbox 1440 1566 1508 1638; x_wconf 87' lang='lat' dir='ltr'><strong>per</strong></span> 
     </span>
     <span class='ocr_line' id='line_1_12' title="bbox 139 1631 749 1724; baseline -0.002 -20"><span class='ocrx_word' id='word_1_100' title='bbox 139 1633 363 1724; x_wconf 86' lang='lat' dir='ltr'><strong>scripturam</strong></span> <span class='ocrx_word' id='word_1_101' title='bbox 391 1637 615 1700; x_wconf 78' lang='lat' dir='ltr'><strong>tentatorem</strong></span> <span class='ocrx_word' id='word_1_102' title='bbox 645 1631 749 1704; x_wconf 83' lang='lat' dir='ltr'><strong>vicit.</strong></span> 
     </span>
     <span class='ocr_line' id='line_1_13' title="bbox 53 1721 1643 1824; baseline 0.002 -30"><span class='ocrx_word' id='word_1_103' title='bbox 53 1763 58 1772; x_wconf 92' lang='lat'>·</span> <span class='ocrx_word' id='word_1_104' title='bbox 186 1725 250 1795; x_wconf 83' lang='lat' dir='ltr'><strong>Ait</strong></span> <span class='ocrx_word' id='word_1_105' title='bbox 271 1721 454 1795; x_wconf 88' lang='lat' dir='ltr'><strong>Dominus</strong></span> <span class='ocrx_word' id='word_1_106' title='bbox 471 1723 614 1796; x_wconf 87' lang='lat' dir='ltr'><strong>Simoni</strong></span> <span class='ocrx_word' id='word_1_107' title='bbox 625 1725 753 1817; x_wconf 90' lang='lat' dir='ltr'><strong>Petro,</strong></span> <span class='ocrx_word' id='word_1_108' title='bbox 770 1725 935 1800; x_wconf 85' lang='lat' dir='ltr'><strong>instante</strong></span> <span class='ocrx_word' id='word_1_109' title='bbox 949 1730 1123 1824; x_wconf 87' lang='lat' dir='ltr'><strong>passione</strong></span> <span class='ocrx_word' id='word_1_110' title='bbox 1139 1757 1231 1805; x_wconf 83' lang='lat' dir='ltr'><strong>sua:</strong></span> <span class='ocrx_word' id='word_1_111' title='bbox 1248 1728 1343 1804; x_wconf 86' lang='lat' dir='ltr'><strong>Ecce</strong></span> <span class='ocrx_word' id='word_1_112' title='bbox 1362 1731 1505 1806; x_wconf 90' lang='lat' dir='ltr'><strong>Sathan</strong></span> <span class='ocrx_word' id='word_1_113' title='bbox 1523 1743 1587 1801; x_wconf 79' lang='lat' dir='ltr'><strong>tue.</strong></span> <span class='ocrx_word' id='word_1_114' title='bbox 1601 1763 1643 1798; x_wconf 66' lang='grc' dir='ltr'><strong>π.</strong></span> 
     </span>
     <span class='ocr_line' id='line_1_14' title="bbox 134 1817 1506 1920; baseline 0.003 -26"><span class='ocrx_word' id='word_1_115' title='bbox 134 1819 325 1914; x_wconf 83' lang='lat' dir='ltr'><strong>expetivit</strong></span> <span class='ocrx_word' id='word_1_116' title='bbox 335 1844 423 1910; x_wconf 87' lang='lat' dir='ltr'><strong>vos,</strong></span> <span class='ocrx_word' id='word_1_117' title='bbox 434 1830 479 1889; x_wconf 91' lang='lat' dir='ltr'><strong>ut</strong></span> <span class='ocrx_word' id='word_1_118' title='bbox 497 1817 674 1892; x_wconf 86' lang='lat' dir='ltr'><strong>cribraret</strong></span> <span class='ocrx_word' id='word_1_119' title='bbox 687 1821 785 1894; x_wconf 74' lang='lat' dir='ltr'><strong>sicut</strong></span> <span class='ocrx_word' id='word_1_120' title='bbox 795 1822 964 1894; x_wconf 88' lang='lat' dir='ltr'><strong>triticum</strong></span> <span class='ocrx_word' id='word_1_121' title='bbox 977 1827 1073 1918; x_wconf 86' lang='lat' dir='ltr'><strong>:Ego</strong></span> <span class='ocrx_word' id='word_1_122' title='bbox 1088 1838 1214 1900; x_wconf 90' lang='lat' dir='ltr'><strong>autem</strong></span> <span class='ocrx_word' id='word_1_123' title='bbox 1229 1831 1359 1918; x_wconf 84' lang='lat' dir='ltr'><strong>rogavi</strong></span> <span class='ocrx_word' id='word_1_124' title='bbox 1380 1842 1506 1920; x_wconf 87' lang='lat' dir='ltr'><strong>prote.</strong></span> 
     </span>
     <span class='ocr_line' id='line_1_15' title="bbox 186 1911 1655 2004; baseline 0.005 -19"><span class='ocrx_word' id='word_1_125' title='bbox 186 1911 365 1986; x_wconf 89' lang='lat' dir='ltr'><strong>Diabolus</strong></span> <span class='ocrx_word' id='word_1_126' title='bbox 372 1913 474 1985; x_wconf 87' lang='lat' dir='ltr'><strong>misit</strong></span> <span class='ocrx_word' id='word_1_127' title='bbox 481 1913 521 1983; x_wconf 92' lang='lat' dir='ltr'><strong>in</strong></span> <span class='ocrx_word' id='word_1_128' title='bbox 528 1933 593 1982; x_wconf 84' lang='lat' dir='ltr'><strong>cor</strong></span> <span class='ocrx_word' id='word_1_129' title='bbox 600 1913 622 1982; x_wconf 85' lang='lat' dir='ltr'>J</span> <span class='ocrx_word' id='word_1_130' title='bbox 624 1915 940 2004; x_wconf 80' lang='lat' dir='ltr'><strong>udae,uttraderet</strong></span> <span class='ocrx_word' id='word_1_131' title='bbox 950 1917 1155 1990; x_wconf 89' lang='lat' dir='ltr'><strong>Dominum</strong></span> <span class='ocrx_word' id='word_1_132' title='bbox 1164 1917 1292 1991; x_wconf 87' lang='lat' dir='ltr'><strong>Jesum</strong></span> <span class='ocrx_word' id='word_1_133' title='bbox 1301 1919 1506 1994; x_wconf 89' lang='lat' dir='ltr'><strong>Christum.</strong></span> <span class='ocrx_word' id='word_1_134' title='bbox 1524 1945 1602 1996; x_wconf 70' lang='lat' dir='ltr'><strong>toan.</strong></span> <span class='ocrx_word' id='word_1_135' title='bbox 1616 1943 1655 1994; x_wconf 76' lang='lat'><strong>13.</strong></span> 
     </span>
     <span class='ocr_line' id='line_1_16' title="bbox 187 2007 1657 2106; baseline 0.002 -24"><span class='ocrx_word' id='word_1_136' title='bbox 187 2010 297 2082; x_wconf 83' lang='lat' dir='ltr'><strong>Dixit</strong></span> <span class='ocrx_word' id='word_1_137' title='bbox 313 2009 447 2080; x_wconf 92' lang='lat' dir='ltr'><strong>Petrus</strong></span> <span class='ocrx_word' id='word_1_138' title='bbox 469 2007 625 2079; x_wconf 80' lang='lat' dir='ltr'><strong>Ananiae</strong></span> <span class='ocrx_word' id='word_1_139' title='bbox 637 2031 646 2076; x_wconf 78' lang='grc' dir='ltr'><em>τ</em></span> <span class='ocrx_word' id='word_1_140' title='bbox 659 2007 737 2080; x_wconf 89' lang='lat' dir='ltr'><strong>Cur</strong></span> <span class='ocrx_word' id='word_1_141' title='bbox 753 2008 915 2080; x_wconf 86' lang='lat' dir='ltr'><strong>tentavit</strong></span> <span class='ocrx_word' id='word_1_142' title='bbox 934 2007 1198 2086; x_wconf 82' lang='lat' dir='ltr'><strong>Sathanuscsr</strong></span> <span class='ocrx_word' id='word_1_143' title='bbox 1214 2019 1343 2106; x_wconf 84' lang='lat' dir='ltr'><strong>tuuni,</strong></span> <span class='ocrx_word' id='word_1_144' title='bbox 1357 2015 1510 2088; x_wconf 85' lang='lat' dir='ltr'><strong>mentiri</strong></span> <span class='ocrx_word' id='word_1_145' title='bbox 1525 2033 1617 2085; x_wconf 72' lang='lat' dir='ltr'><strong>actor.</strong></span> <span class='ocrx_word' id='word_1_146' title='bbox 1632 2033 1657 2085; x_wconf 68' lang='lat' dir='ltr'><strong>s</strong></span> 
     </span>
     <span class='ocr_line' id='line_1_17' title="bbox 135 2101 1080 2204; baseline -0.01 -24"><span class='ocrx_word' id='word_1_147' title='bbox 135 2105 297 2204; x_wconf 86' lang='lat' dir='ltr'><strong>Spiritui</strong></span> <span class='ocrx_word' id='word_1_148' title='bbox 319 2105 471 2197; x_wconf 84' lang='lat' dir='ltr'><strong>Sancto,</strong></span> <span class='ocrx_word' id='word_1_149' title='bbox 486 2113 527 2176; x_wconf 86' lang='lat' dir='ltr'><strong>ct</strong></span> <span class='ocrx_word' id='word_1_150' title='bbox 552 2101 726 2188; x_wconf 76' lang='lat' dir='ltr'><strong>fraudare</strong></span> <span class='ocrx_word' id='word_1_151' title='bbox 748 2101 942 2198; x_wconf 83' lang='lat' dir='ltr'><strong>depretia</strong></span> <span class='ocrx_word' id='word_1_152' title='bbox 964 2101 1080 2198; x_wconf 78' lang='lat' dir='ltr'><strong>agri?</strong></span> 
     </span>
    </p>
   </div>
   <div class='ocr_carea' id='block_1_3' title="bbox 472 2271 1176 2511">
    <p class='ocr_par' dir='ltr' id='par_1_3' title="bbox 472 2271 1176 2511">
     <span class='ocr_line' id='line_1_18' title="bbox 801 2271 836 2341; baseline 0 0"><span class='ocrx_word' id='word_1_153' title='bbox 801 2271 836 2341; x_wconf 49' lang='grc' dir='ltr'><strong><em>ἦ</em></strong></span> 
     </span>
     <span class='ocr_line' id='line_1_19' title="bbox 472 2375 1176 2511; baseline 0.001 -2"><span class='ocrx_word' id='word_1_154' title='bbox 472 2375 1176 2511; x_wconf 68' lang='lat' dir='ltr'><strong>arrosuscsxrn</strong></span> 
     </span>
    </p>
   </div>
   <div class='ocr_carea' id='block_1_4' title="bbox 502 2577 1154 2726">
    <p class='ocr_par' dir='ltr' id='par_1_4' title="bbox 502 2577 1154 2726">
     <span class='ocr_line' id='line_1_20' title="bbox 502 2577 1154 2726; baseline 0.012 -48"><span class='ocrx_word' id='word_1_155' title='bbox 502 2605 504 2608; x_wconf 78' lang='grc'><strong>’</strong></span> <span class='ocrx_word' id='word_1_156' title='bbox 566 2591 870 2726; x_wconf 64' lang='lat' dir='ltr'><strong>Testimonium</strong></span> <span class='ocrx_word' id='word_1_157' title='bbox 907 2599 1089 2707; x_wconf 66' lang='lat' dir='ltr'><strong>sczlsum.</strong></span> <span class='ocrx_word' id='word_1_158' title='bbox 1151 2577 1154 2584; x_wconf 12' lang='grc' dir='ltr'><strong><em>Δ</em></strong></span> 
     </span>
    </p>
   </div>
   <div class='ocr_carea' id='block_1_5' title="bbox 138 2734 1680 3077">
    <p class='ocr_par' dir='ltr' id='par_1_5' title="bbox 138 2734 1680 3077">
     <span class='ocr_line' id='line_1_21' title="bbox 138 2734 1668 2900; baseline -0.004 -35"><span class='ocrx_word' id='word_1_159' title='bbox 138 2734 342 2887; x_wconf 73' lang='lat' dir='ltr'><strong>Praecipit</strong></span> <span class='ocrx_word' id='word_1_160' title='bbox 358 2788 460 2864; x_wconf 86' lang='lat' dir='ltr'><strong>Deus</strong></span> <span class='ocrx_word' id='word_1_161' title='bbox 481 2815 550 2887; x_wconf 89' lang='lat' dir='ltr'><strong>per</strong></span> <span class='ocrx_word' id='word_1_162' title='bbox 570 2794 751 2890; x_wconf 87' lang='lat' dir='ltr'><strong>Moysen:</strong></span> <span class='ocrx_word' id='word_1_163' title='bbox 767 2787 853 2864; x_wconf 91' lang='lat' dir='ltr'><strong>Non</strong></span> <span class='ocrx_word' id='word_1_164' title='bbox 872 2791 1049 2900; x_wconf 85' lang='lat' dir='ltr'><strong>suscipies</strong></span> <span class='ocrx_word' id='word_1_165' title='bbox 1070 2815 1204 2866; x_wconf 83' lang='lat' dir='ltr'><strong>vocem</strong></span> <span class='ocrx_word' id='word_1_166' title='bbox 1222 2785 1427 2866; x_wconf 75' lang='lat' dir='ltr'><strong>mendacii:</strong></span> <span class='ocrx_word' id='word_1_167' title='bbox 1438 2811 1510 2864; x_wconf 87' lang='lat' dir='ltr'><strong>nec</strong></span> <span class='ocrx_word' id='word_1_168' title='bbox 1524 2795 1611 2859; x_wconf 64' lang='lat' dir='ltr'><strong>mod.</strong></span> <span class='ocrx_word' id='word_1_169' title='bbox 1626 2803 1668 2856; x_wconf 78' lang='lat'><strong>2³.</strong></span> 
     </span>
     <span class='ocr_line' id='line_1_22' title="bbox 138 2885 1508 2984; baseline 0.001 -27"><span class='ocrx_word' id='word_1_170' title='bbox 138 2885 275 2984; x_wconf 79' lang='lat' dir='ltr'><strong>junges</strong></span> <span class='ocrx_word' id='word_1_171' title='bbox 302 2911 457 2959; x_wconf 89' lang='lat' dir='ltr'><strong>manum</strong></span> <span class='ocrx_word' id='word_1_172' title='bbox 486 2899 611 2981; x_wconf 89' lang='lat' dir='ltr'><strong>tuam,</strong></span> <span class='ocrx_word' id='word_1_173' title='bbox 632 2900 678 2960; x_wconf 89' lang='lat' dir='ltr'><strong>ut</strong></span> <span class='ocrx_word' id='word_1_174' title='bbox 702 2911 772 2982; x_wconf 90' lang='lat' dir='ltr'><strong>pro</strong></span> <span class='ocrx_word' id='word_1_175' title='bbox 796 2888 914 2982; x_wconf 85' lang='lat' dir='ltr'><strong>impio</strong></span> <span class='ocrx_word' id='word_1_176' title='bbox 944 2885 1045 2961; x_wconf 82' lang='lat' dir='ltr'><strong>drcas</strong></span> <span class='ocrx_word' id='word_1_177' title='bbox 1070 2885 1209 2962; x_wconf 88' lang='lat' dir='ltr'><strong>falsum</strong></span> <span class='ocrx_word' id='word_1_178' title='bbox 1239 2889 1508 2960; x_wconf 83' lang='lat' dir='ltr'><strong>testimonium.</strong></span> 
     </span>
     <span class='ocr_line' id='line_1_23' title="bbox 190 2981 1680 3077; baseline -0.001 -23"><span class='ocrx_word' id='word_1_179' title='bbox 190 2983 383 3056; x_wconf 85' lang='lat' dir='ltr'><strong>Falsoruur</strong></span> <span class='ocrx_word' id='word_1_180' title='bbox 404 2981 557 3056; x_wconf 88' lang='lat' dir='ltr'><strong>testium</strong></span> <span class='ocrx_word' id='word_1_181' title='bbox 587 2983 913 3058; x_wconf 83' lang='lat' dir='ltr'><strong>criminationibus</strong></span> <span class='ocrx_word' id='word_1_182' title='bbox 940 2982 1090 3056; x_wconf 89' lang='lat' dir='ltr'><strong>Naboth</strong></span> <span class='ocrx_word' id='word_1_183' title='bbox 1115 2985 1298 3054; x_wconf 86' lang='lat' dir='ltr'><strong>innocens</strong></span> <span class='ocrx_word' id='word_1_184' title='bbox 1324 2983 1509 3077; x_wconf 85' lang='lat' dir='ltr'><strong>lapidibus</strong></span> <span class='ocrx_word' id='word_1_185' title='bbox 1529 3005 1553 3055; x_wconf 83' lang='lat' dir='ltr'><strong>a.</strong></span> <span class='ocrx_word' id='word_1_186' title='bbox 1567 3006 1680 3071; x_wconf 60' lang='lat' dir='ltr'><strong>sepa.</strong></span> 
     </span>
    </p>
   </div>
   <div class='ocr_carea' id='block_1_6' title="bbox 140 3073 1510 3266">
    <p class='ocr_par' dir='ltr' id='par_1_6' title="bbox 140 3073 1510 3266">
     <span class='ocr_line' id='line_1_24' title="bbox 140 3073 1510 3174; baseline 0.004 -28"><span class='ocrx_word' id='word_1_187' title='bbox 140 3075 341 3161; x_wconf 84' lang='lat' dir='ltr'><strong>obruitur,</strong></span> <span class='ocrx_word' id='word_1_188' title='bbox 358 3079 516 3166; x_wconf 84' lang='lat' dir='ltr'><strong>ejusque</strong></span> <span class='ocrx_word' id='word_1_189' title='bbox 538 3079 652 3146; x_wconf 86' lang='lat' dir='ltr'><strong>vinea</strong></span> <span class='ocrx_word' id='word_1_190' title='bbox 672 3101 696 3144; x_wconf 92' lang='lat' dir='ltr'><strong>a</strong></span> <span class='ocrx_word' id='word_1_191' title='bbox 720 3079 817 3165; x_wconf 84' lang='lat' dir='ltr'><strong>Rege</strong></span> <span class='ocrx_word' id='word_1_192' title='bbox 842 3075 972 3146; x_wconf 85' lang='lat' dir='ltr'><strong>Achab</strong></span> <span class='ocrx_word' id='word_1_193' title='bbox 994 3093 1032 3149; x_wconf 82' lang='lat' dir='ltr'><strong>et</strong></span> <span class='ocrx_word' id='word_1_194' title='bbox 1046 3077 1163 3170; x_wconf 75' lang='lat' dir='ltr'><strong>impid</strong></span> <span class='ocrx_word' id='word_1_195' title='bbox 1181 3073 1329 3149; x_wconf 80' lang='lat' dir='ltr'><strong>lezabel</strong></span> <span class='ocrx_word' id='word_1_196' title='bbox 1347 3082 1510 3174; x_wconf 84' lang='lat' dir='ltr'><strong>rapitur:</strong></span> 
     </span>
     <span class='ocr_line' id='line_1_25' title="bbox 143 3164 1154 3266; baseline -0.005 -22"><span class='ocrx_word' id='word_1_197' title='bbox 143 3168 214 3266; x_wconf 87' lang='lat' dir='ltr'><strong>ipsi</strong></span> <span class='ocrx_word' id='word_1_198' title='bbox 238 3178 364 3238; x_wconf 88' lang='lat' dir='ltr'><strong>autem</strong></span> <span class='ocrx_word' id='word_1_199' title='bbox 385 3175 497 3236; x_wconf 87' lang='lat' dir='ltr'><strong>testes</strong></span> <span class='ocrx_word' id='word_1_200' title='bbox 522 3164 608 3236; x_wconf 87' lang='lat' dir='ltr'><strong>falsi</strong></span> <span class='ocrx_word' id='word_1_201' title='bbox 631 3166 878 3256; x_wconf 81' lang='lat' dir='ltr'><strong>ignominiose</strong></span> <span class='ocrx_word' id='word_1_202' title='bbox 905 3167 1154 3239; x_wconf 87' lang='lat' dir='ltr'><strong>trucidantur.</strong></span> 
     </span>
    </p>
   </div>
   <div class='ocr_carea' id='block_1_7' title="bbox 144 3256 1688 4510">
    <p class='ocr_par' dir='ltr' id='par_1_7' title="bbox 144 3256 1655 3446">
     <span class='ocr_line' id='line_1_26' title="bbox 193 3256 1655 3340; baseline 0.003 -6"><span class='ocrx_word' id='word_1_203' title='bbox 193 3261 293 3335; x_wconf 87' lang='lat' dir='ltr'><strong>Falsi</strong></span> <span class='ocrx_word' id='word_1_204' title='bbox 318 3271 430 3332; x_wconf 88' lang='lat' dir='ltr'><strong>testes</strong></span> <span class='ocrx_word' id='word_1_205' title='bbox 452 3259 692 3332; x_wconf 88' lang='lat' dir='ltr'><strong>innocentem</strong></span> <span class='ocrx_word' id='word_1_206' title='bbox 717 3260 927 3328; x_wconf 88' lang='lat' dir='ltr'><strong>Susannam</strong></span> <span class='ocrx_word' id='word_1_207' title='bbox 955 3256 1132 3331; x_wconf 83' lang='lat' dir='ltr'><strong>adulterii</strong></span> <span class='ocrx_word' id='word_1_208' title='bbox 1155 3260 1379 3336; x_wconf 86' lang='lat' dir='ltr'><strong>insimulant</strong></span> <span class='ocrx_word' id='word_1_209' title='bbox 1405 3291 1415 3334; x_wconf 76' lang='lat' dir='ltr'><strong><em>z</em></strong></span> <span class='ocrx_word' id='word_1_210' title='bbox 1442 3263 1509 3338; x_wconf 87' lang='lat' dir='ltr'><strong>fal-</strong></span> <span class='ocrx_word' id='word_1_211' title='bbox 1528 3290 1599 3340; x_wconf 75' lang='lat' dir='ltr'><strong>nan.</strong></span> <span class='ocrx_word' id='word_1_212' title='bbox 1615 3289 1655 3340; x_wconf 68' lang='lat' dir='ltr'><strong>ss.</strong></span> 
     </span>
     <span class='ocr_line' id='line_1_27' title="bbox 144 3349 1639 3446; baseline -0.01 -10"><span class='ocrx_word' id='word_1_213' title='bbox 144 3359 266 3436; x_wconf 87' lang='lat' dir='ltr'><strong>sitatis</strong></span> <span class='ocrx_word' id='word_1_214' title='bbox 292 3367 417 3428; x_wconf 90' lang='lat' dir='ltr'><strong>autem</strong></span> <span class='ocrx_word' id='word_1_215' title='bbox 449 3354 614 3427; x_wconf 88' lang='lat' dir='ltr'><strong>convicti</strong></span> <span class='ocrx_word' id='word_1_216' title='bbox 640 3349 827 3446; x_wconf 86' lang='lat' dir='ltr'><strong>lapidibus</strong></span> <span class='ocrx_word' id='word_1_217' title='bbox 857 3350 1083 3426; x_wconf 59' lang='lat' dir='ltr'><strong>obruuntur„</strong></span> <span class='ocrx_word' id='word_1_218' title='bbox 1596 3355 1639 3421; x_wconf 70' lang='lat'><strong>³⁴·</strong></span> 
     </span>
    </p>

    <p class='ocr_par' dir='ltr' id='par_1_8' title="bbox 145 3445 1680 3742">
     <span class='ocr_line' id='line_1_28' title="bbox 194 3445 1680 3548; baseline -0.003 -21"><span class='ocrx_word' id='word_1_219' title='bbox 194 3454 387 3548; x_wconf 83' lang='lat' dir='ltr'><strong>Principes</strong></span> <span class='ocrx_word' id='word_1_220' title='bbox 417 3445 659 3525; x_wconf 81' lang='lat' dir='ltr'><strong>sacerdotum</strong></span> <span class='ocrx_word' id='word_1_221' title='bbox 688 3458 726 3544; x_wconf 77' lang='lat' dir='ltr'><strong>et</strong></span> <span class='ocrx_word' id='word_1_222' title='bbox 751 3471 862 3519; x_wconf 90' lang='lat' dir='ltr'><strong>omne</strong></span> <span class='ocrx_word' id='word_1_223' title='bbox 891 3445 1090 3521; x_wconf 89' lang='lat' dir='ltr'><strong>consilium</strong></span> <span class='ocrx_word' id='word_1_224' title='bbox 1119 3449 1337 3545; x_wconf 87' lang='lat' dir='ltr'><strong>quaerebant</strong></span> <span class='ocrx_word' id='word_1_225' title='bbox 1373 3447 1512 3524; x_wconf 87' lang='lat' dir='ltr'><strong>falsum</strong></span> <span class='ocrx_word' id='word_1_226' title='bbox 1529 3461 1680 3514; x_wconf 57' lang='lat' dir='ltr'><strong>Motha&amp;</strong></span> 
     </span>
     <span class='ocr_line' id='line_1_29' title="bbox 145 3531 1639 3643; baseline -0.006 -17"><span class='ocrx_word' id='word_1_227' title='bbox 145 3550 406 3626; x_wconf 85' lang='lat' dir='ltr'><strong>testimonium</strong></span> <span class='ocrx_word' id='word_1_228' title='bbox 441 3555 574 3618; x_wconf 88' lang='lat' dir='ltr'><strong>contra</strong></span> <span class='ocrx_word' id='word_1_229' title='bbox 606 3543 829 3640; x_wconf 85' lang='lat' dir='ltr'><strong>Jesum,·ut</strong></span> <span class='ocrx_word' id='word_1_230' title='bbox 869 3568 957 3618; x_wconf 89' lang='lat' dir='ltr'><strong>eum</strong></span> <span class='ocrx_word' id='word_1_231' title='bbox 989 3543 1104 3618; x_wconf 88' lang='lat' dir='ltr'><strong>morti</strong></span> <span class='ocrx_word' id='word_1_232' title='bbox 1133 3543 1341 3640; x_wconf 84' lang='lat' dir='ltr'><strong>traderent,</strong></span> <span class='ocrx_word' id='word_1_233' title='bbox 1369 3557 1407 3619; x_wconf 90' lang='lat' dir='ltr'><strong>et</strong></span> <span class='ocrx_word' id='word_1_234' title='bbox 1439 3546 1513 3643; x_wconf 87' lang='lat' dir='ltr'><strong>ipsi</strong></span> <span class='ocrx_word' id='word_1_235' title='bbox 1596 3531 1639 3597; x_wconf 82' lang='lat'><strong>⁵⁹·</strong></span> 
     </span>
     <span class='ocr_line' id='line_1_30' title="bbox 145 3646 471 3742; baseline -0.025 -19"><span class='ocrx_word' id='word_1_236' title='bbox 145 3647 243 3724; x_wconf 71' lang='lat' dir='ltr'><strong>mali</strong></span> <span class='ocrx_word' id='word_1_237' title='bbox 269 3646 471 3742; x_wconf 86' lang='lat' dir='ltr'><strong>perienmt.</strong></span> 
     </span>
    </p>

    <p class='ocr_par' dir='ltr' id='par_1_9' title="bbox 146 3733 1687 4020">
     <span class='ocr_line' id='line_1_31' title="bbox 195 3733 1687 3830; baseline -0.005 -16"><span class='ocrx_word' id='word_1_238' title='bbox 195 3741 407 3816; x_wconf 89' lang='lat' dir='ltr'><strong>Novissime</strong></span> <span class='ocrx_word' id='word_1_239' title='bbox 435 3747 625 3812; x_wconf 87' lang='lat' dir='ltr'><strong>venerunt</strong></span> <span class='ocrx_word' id='word_1_240' title='bbox 647 3733 723 3809; x_wconf 92' lang='lat' dir='ltr'><strong>duo</strong></span> <span class='ocrx_word' id='word_1_241' title='bbox 755 3734 840 3809; x_wconf 88' lang='lat' dir='ltr'><strong>falsi</strong></span> <span class='ocrx_word' id='word_1_242' title='bbox 871 3746 983 3811; x_wconf 87' lang='lat' dir='ltr'><strong>testes</strong></span> <span class='ocrx_word' id='word_1_243' title='bbox 1011 3748 1143 3811; x_wconf 85' lang='lat' dir='ltr'><strong>contra</strong></span> <span class='ocrx_word' id='word_1_244' title='bbox 1170 3733 1317 3830; x_wconf 81' lang='lat' dir='ltr'><strong>Jssum,</strong></span> <span class='ocrx_word' id='word_1_245' title='bbox 1339 3748 1377 3810; x_wconf 87' lang='lat' dir='ltr'><strong>et</strong></span> <span class='ocrx_word' id='word_1_246' title='bbox 1405 3734 1514 3812; x_wconf 76' lang='lat' dir='ltr'><strong>‹lixe-</strong></span> <span class='ocrx_word' id='word_1_247' title='bbox 1532 3765 1687 3818; x_wconf 54' lang='lat' dir='ltr'><strong>hatthus.</strong></span> 
     </span>
     <span class='ocr_line' id='line_1_32' title="bbox 146 3830 1643 3931; baseline -0.006 -17"><span class='ocrx_word' id='word_1_248' title='bbox 146 3849 239 3914; x_wconf 85' lang='lat' dir='ltr'><strong>runt</strong></span> <span class='ocrx_word' id='word_1_249' title='bbox 257 3864 265 3908; x_wconf 76' lang='grc' dir='ltr'><em>ι</em></span> <span class='ocrx_word' id='word_1_250' title='bbox 284 3837 352 3910; x_wconf 90' lang='lat' dir='ltr'><strong>Hic</strong></span> <span class='ocrx_word' id='word_1_251' title='bbox 364 3835 464 3910; x_wconf 85' lang='lat' dir='ltr'><strong>dixit</strong></span> <span class='ocrx_word' id='word_1_252' title='bbox 482 3859 655 3930; x_wconf 83' lang='lat' dir='ltr'><strong>:possum</strong></span> <span class='ocrx_word' id='word_1_253' title='bbox 668 3830 858 3906; x_wconf 88' lang='lat' dir='ltr'><strong>destruere</strong></span> <span class='ocrx_word' id='word_1_254' title='bbox 868 3833 1051 3930; x_wconf 89' lang='lat' dir='ltr'><strong>templum</strong></span> <span class='ocrx_word' id='word_1_255' title='bbox 1069 3835 1138 3908; x_wconf 89' lang='lat' dir='ltr'><strong>Dei</strong></span> <span class='ocrx_word' id='word_1_256' title='bbox 1150 3887 1161 3928; x_wconf 93' lang='lat'><strong>,</strong></span> <span class='ocrx_word' id='word_1_257' title='bbox 1175 3841 1216 3906; x_wconf 89' lang='lat' dir='ltr'><strong>et</strong></span> <span class='ocrx_word' id='word_1_258' title='bbox 1238 3845 1323 3931; x_wconf 88' lang='lat' dir='ltr'><strong>post</strong></span> <span class='ocrx_word' id='word_1_259' title='bbox 1342 3832 1513 3908; x_wconf 88' lang='lat' dir='ltr'><strong>triduum</strong></span> <span class='ocrx_word' id='word_1_260' title='bbox 1599 3833 1643 3884; x_wconf 79' lang='lat'><strong>⁶⁰·</strong></span> 
     </span>
     <span class='ocr_line' id='line_1_33' title="bbox 147 3929 1192 4020; baseline -0.006 -11"><span class='ocrx_word' id='word_1_261' title='bbox 147 3933 373 4009; x_wconf 79' lang='lat' dir='ltr'><strong>reaedificare</strong></span> <span class='ocrx_word' id='word_1_262' title='bbox 398 3932 504 4007; x_wconf 92' lang='lat' dir='ltr'><strong>illud.</strong></span> <span class='ocrx_word' id='word_1_263' title='bbox 527 3930 636 4004; x_wconf 77' lang='lat' dir='ltr'><strong>lesus</strong></span> <span class='ocrx_word' id='word_1_264' title='bbox 661 3939 787 4002; x_wconf 89' lang='lat' dir='ltr'><strong>autem</strong></span> <span class='ocrx_word' id='word_1_265' title='bbox 815 3929 859 4002; x_wconf 87' lang='lat' dir='ltr'><strong>ad</strong></span> <span class='ocrx_word' id='word_1_266' title='bbox 892 3929 1019 4020; x_wconf 86' lang='lat' dir='ltr'><strong>omnia</strong></span> <span class='ocrx_word' id='word_1_267' title='bbox 1037 3930 1192 4005; x_wconf 91' lang='lat' dir='ltr'><strong>tacebat.</strong></span> 
     </span>
    </p>

    <p class='ocr_par' dir='ltr' id='par_1_10' title="bbox 148 4025 1688 4317">
     <span class='ocr_line' id='line_1_34' title="bbox 197 4025 1688 4126; baseline -0.001 -27"><span class='ocrx_word' id='word_1_268' title='bbox 197 4027 355 4121; x_wconf 86' lang='lat' dir='ltr'><strong>Milites,</strong></span> <span class='ocrx_word' id='word_1_269' title='bbox 379 4026 529 4126; x_wconf 75' lang='lat' dir='ltr'><strong>accepts</strong></span> <span class='ocrx_word' id='word_1_270' title='bbox 550 4025 728 4124; x_wconf 64' lang='lat' dir='ltr'><strong>pecuum,</strong></span> <span class='ocrx_word' id='word_1_271' title='bbox 745 4025 961 4118; x_wconf 87' lang='lat' dir='ltr'><strong>Christum,</strong></span> <span class='ocrx_word' id='word_1_272' title='bbox 1007 4039 1095 4100; x_wconf 88' lang='lat' dir='ltr'><strong>uem</strong></span> <span class='ocrx_word' id='word_1_273' title='bbox 1124 4054 1147 4099; x_wconf 90' lang='lat' dir='ltr'><strong>a</strong></span> <span class='ocrx_word' id='word_1_274' title='bbox 1175 4037 1294 4100; x_wconf 82' lang='lat' dir='ltr'><strong>morte</strong></span> <span class='ocrx_word' id='word_1_275' title='bbox 1315 4050 1513 4122; x_wconf 83' lang='lat' dir='ltr'><strong>resurgen-</strong></span> <span class='ocrx_word' id='word_1_276' title='bbox 1533 4062 1631 4116; x_wconf 56' lang='lat' dir='ltr'><strong>Mau,</strong></span> <span class='ocrx_word' id='word_1_277' title='bbox 1645 4065 1688 4117; x_wconf 69' lang='lat'><strong>,3,</strong></span> 
     </span>
     <span class='ocr_line' id='line_1_35' title="bbox 149 4053 1642 4219; baseline -0.005 -20"><span class='ocrx_word' id='word_1_278' title='bbox 149 4135 226 4199; x_wconf 87' lang='lat' dir='ltr'><strong>tem</strong></span> <span class='ocrx_word' id='word_1_279' title='bbox 249 4125 327 4198; x_wconf 92' lang='lat' dir='ltr'><strong>suis</strong></span> <span class='ocrx_word' id='word_1_280' title='bbox 348 4124 467 4198; x_wconf 89' lang='lat' dir='ltr'><strong>oculis</strong></span> <span class='ocrx_word' id='word_1_281' title='bbox 489 4135 785 4218; x_wconf 86' lang='lat' dir='ltr'><strong>conspexerant,</strong></span> <span class='ocrx_word' id='word_1_282' title='bbox 802 4147 825 4194; x_wconf 90' lang='lat' dir='ltr'><strong>a</strong></span> <span class='ocrx_word' id='word_1_283' title='bbox 845 4053 1038 4219; x_wconf 75' lang='lat' dir='ltr'><strong>discipulis</strong></span> <span class='ocrx_word' id='word_1_284' title='bbox 1060 4136 1176 4197; x_wconf 75' lang='lat' dir='ltr'><strong>noem</strong></span> <span class='ocrx_word' id='word_1_285' title='bbox 1199 4123 1294 4196; x_wconf 89' lang='lat' dir='ltr'><strong>clam</strong></span> <span class='ocrx_word' id='word_1_286' title='bbox 1320 4122 1513 4196; x_wconf 90' lang='lat' dir='ltr'><strong>sublatum</strong></span> <span class='ocrx_word' id='word_1_287' title='bbox 1601 4145 1642 4185; x_wconf 81' lang='lat'><strong>12·</strong></span> 
     </span>
     <span class='ocr_line' id='line_1_36' title="bbox 148 4217 1558 4317; baseline -0.007 -25"><span class='ocrx_word' id='word_1_288' title='bbox 148 4245 216 4316; x_wconf 89' lang='lat' dir='ltr'><strong>per</strong></span> <span class='ocrx_word' id='word_1_289' title='bbox 244 4222 376 4293; x_wconf 91' lang='lat' dir='ltr'><strong>urbem</strong></span> <span class='ocrx_word' id='word_1_290' title='bbox 396 4217 686 4317; x_wconf 77' lang='lat' dir='ltr'><strong>proclamalrunt.</strong></span> <span class='ocrx_word' id='word_1_291' title='bbox 1536 4222 1558 4252; x_wconf 64' lang='lat' dir='ltr'><em>s</em></span> 
     </span>
    </p>

    <p class='ocr_par' dir='ltr' id='par_1_11' title="bbox 148 4308 1663 4510">
     <span class='ocr_line' id='line_1_37' title="bbox 198 4308 1663 4408; baseline -0.004 -20"><span class='ocrx_word' id='word_1_292' title='bbox 198 4315 368 4389; x_wconf 91' lang='lat' dir='ltr'><strong>Seniores</strong></span> <span class='ocrx_word' id='word_1_293' title='bbox 395 4329 432 4388; x_wconf 90' lang='lat' dir='ltr'><strong>et</strong></span> <span class='ocrx_word' id='word_1_294' title='bbox 459 4314 595 4385; x_wconf 77' lang='lat' dir='ltr'><strong>Scriba</strong></span> <span class='ocrx_word' id='word_1_295' title='bbox 628 4324 758 4385; x_wconf 88' lang='lat' dir='ltr'><strong>contra</strong></span> <span class='ocrx_word' id='word_1_296' title='bbox 786 4308 1017 4408; x_wconf 89' lang='lat' dir='ltr'><strong>Stephanum</strong></span> <span class='ocrx_word' id='word_1_297' title='bbox 1046 4311 1161 4386; x_wconf 90' lang='lat' dir='ltr'><strong>falsos</strong></span> <span class='ocrx_word' id='word_1_298' title='bbox 1188 4324 1301 4388; x_wconf 84' lang='lat' dir='ltr'><strong>testes</strong></span> <span class='ocrx_word' id='word_1_299' title='bbox 1335 4311 1513 4389; x_wconf 87' lang='lat' dir='ltr'><strong>submise·</strong></span> <span class='ocrx_word' id='word_1_300' title='bbox 1531 4330 1663 4384; x_wconf 68' lang='lat' dir='ltr'><strong>setosa</strong></span> 
     </span>
     <span class='ocr_line' id='line_1_38' title="bbox 148 4405 1640 4510; baseline -0.004 -24"><span class='ocrx_word' id='word_1_301' title='bbox 148 4421 264 4506; x_wconf 83' lang='lat' dir='ltr'><strong>runt,</strong></span> <span class='ocrx_word' id='word_1_302' title='bbox 287 4435 450 4510; x_wconf 90' lang='lat' dir='ltr'><strong>quorum</strong></span> <span class='ocrx_word' id='word_1_303' title='bbox 474 4407 673 4482; x_wconf 89' lang='lat' dir='ltr'><strong>calumniis</strong></span> <span class='ocrx_word' id='word_1_304' title='bbox 699 4405 939 4505; x_wconf 76' lang='lat' dir='ltr'><strong>blasphemiae</strong></span> <span class='ocrx_word' id='word_1_305' title='bbox 960 4409 1178 4486; x_wconf 84' lang='lat' dir='ltr'><strong>convictum</strong></span> <span class='ocrx_word' id='word_1_306' title='bbox 1204 4409 1424 4485; x_wconf 86' lang='lat' dir='ltr'><strong>occiderent.</strong></span> <span class='ocrx_word' id='word_1_307' title='bbox 1601 4415 1640 4451; x_wconf 83' lang='lat'><strong>¹¹·</strong></span> 
     </span>
    </p>
   </div>
   <div class='ocr_carea' id='block_1_8' title="bbox 1090 4503 1213 4598">
    <p class='ocr_par' dir='ltr' id='par_1_12' title="bbox 1090 4503 1213 4598">
     <span class='ocr_line' id='line_1_39' title="bbox 1090 4503 1213 4598; baseline 0.024 -3"><span class='ocrx_word' id='word_1_308' title='bbox 1090 4503 1213 4598; x_wconf 72' lang='lat' dir='ltr'><strong>Qqn</strong></span> 
     </span>
    </p>
   </div>
   <div class='ocr_carea' id='block_1_9' title="bbox 0 0 2258 5462">
    <p class='ocr_par' dir='ltr' id='par_1_13' title="bbox 0 0 2258 5462">
     <span class='ocr_line' id='line_1_40' title="bbox 0 0 2258 5462; baseline 0 0"><span class='ocrx_word' id='word_1_309' title='bbox 0 0 2258 5462; x_wconf 95' lang='lat' dir='ltr'><strong> </strong></span> 
     </span>
    </p>
   </div>
  </div>
 </body>
</html>
