4498 5462
372 462 635 552 TITULUS
680 461 850 551 XCVII.
900 463 1245 550 Matrimonium.
1397 487 1476 577 -177

388 733 390 736 ·
521 701 849 789 TITULUS
893 703 1090 791 XCVII.
1173 717 1212 802 ss

639 871 972 963 Matrimonium.

141 997 278 1162 Quod
300 1091 402 1139 uxor
425 1065 555 1136 debeat
572 1091 652 1140 esse
668 1066 753 1140 viro
775 1092 843 1138 suo
857 1068 956 1139 socia
972 1080 1008 1141 et
1028 1065 1180 1164 aqualis
1196 1065 1323 1164 quoad
1346 1060 1483 1156 multa,
1503 1087 1569 1140 cen.
1590 1101 1616 1136 α.

137 1185 211 1234 non
224 1160 395 1252 domina,
410 1161 474 1233 vel
492 1161 643 1250 ancilla,
658 1171 759 1256 patet
778 1187 845 1254 per
861 1160 951 1252 hoc,
995 1163 1070 1236 uod
1086 1165 1207 1238 Evam
1218 1161 1397 1236 formavit
1407 1161 1485 1231 Do-

136 1257 260 1328 minus
282 1253 327 1324 de
341 1264 444 1326 costa
459 1253 566 1346 Adae,
589 1281 667 1328 non
686 1253 731 1325 de
753 1254 944 1347 capitevel
963 1189 1009 1326 de
1024 1258 1126 1350 pede.
1145 1259 1238 1328 Item
1251 1269 1369 1351 patet,
1383 1253 1486 1351 quod

136 1351 268 1422 vireat
289 1361 399 1442 caput
425 1353 579 1442 rixaris,
601 1350 691 1446 qnia
710 1349 785 1442 fuit
807 1350 843 1420 ei
872 1348 1148 1445 quodammodo
1173 1351 1398 1444 principium
1429 1375 1487 1421 es-

136 1442 265 1528 sendi,
282 1455 318 1512 et
334 1441 433 1513 facta
450 1456 505 1516 est
524 1445 661 1518 mulier
673 1443 718 1517 de
740 1446 825 1520 viro
849 1465 934 1534 suo,
950 1469 1027 1516 non
1048 1447 1111 1518 vir
1126 1446 1172 1514 de
1184 1444 1349 1516 muliere.
1369 1445 1487 1515 Debet

135 1563 210 1611 esse
237 1537 298 1608 vir
319 1537 494 1632 magister
521 1551 557 1609 et
577 1539 723 1632 doctor,
742 1535 844 1612 unde
871 1551 1098 1634 praeceptum
1121 1565 1143 1610 a
1160 1539 1238 1610 Deo
1260 1536 1335 1610 fuit
1355 1536 1486 1610 datum

132 1630 242 1722 Adae,
263 1643 300 1702 et
321 1657 389 1728 per
410 1630 529 1703 Adam
557 1636 658 1706 Evae.

176 1725 284 1814 Quod
302 1752 402 1800 unus
420 1726 482 1806 vir
495 1751 612 1800 unam
628 1730 777 1800 tantiam
795 1751 953 1800 uxorem
971 1725 1110 1801 habere
1127 1728 1273 1819 debeat,
1290 1729 1343 1801 sic
1357 1727 1486 1800 decer-
1502 1743 1610 1797 Eodem

101 1823 186 1912 *nit
212 1822 420 1912 Dominus,
442 1821 569 1904 dicens
597 1848 604 1893 :
630 1825 757 1896 Erunt
783 1823 860 1900 duo
884 1824 928 1896 in
951 1847 1061 1895 carne
1096 1849 1184 1897 una.

179 1917 276 1986 Ante
299 1913 506 2006 diluvium,
529 1917 630 1989 solus
652 1917 814 1990 Lamech
836 1919 930 1990 duas
952 1943 1091 1992 uxores
1117 1919 1254 2014 legitur
1274 1918 1459 1990 habuisse.
1503 1923 1571 1976 Gen·
1593 1921 1619 1988 4·

178 2010 224 2080 In
252 2009 347 2080 Arca
372 2007 451 2080 No‘e
474 2021 530 2081 tot
552 2012 679 2101 viros,
702 2024 794 2106 quot
824 2011 998 2084 foeminas
1026 2015 1139 2108 jussit
1158 2014 1343 2085 Dominus
1366 2039 1485 2084 reser-
1502 2021 1569 2072 Gru·
1594 2039 1619 2088 7·

129 2104 232 2194 vari,
263 2115 307 2175 ut
331 2101 506 2176 videlicet
532 2116 627 2176 esset
644 2107 755 2177 unica
773 2107 886 2178 unici.

180 2198 346 2294 AEgyptii
374 2209 540 2292 tempore
563 2197 721 2270 Abrahae
747 2200 832 2293 plus
856 2201 1062 2274 abominari
1086 2199 1313 2276 videbantur
1341 2199 1486 2272 adulte·
1505 2196 1573 2248 ⁰⁰¹¹·
1594 2206 1631 2242 ¹²·

129 2295 246 2384 rium,
263 2315 377 2386 quam
400 2291 672 2384 homicidium,
698 2293 799 2364 unde
818 2294 972 2366 timebat
990 2294 1196 2383 Abraham,
1214 2319 1262 2362 ne
1282 2318 1368 2364 eum
1389 2295 1487 2364 occi-

127 2381 601 2480 derent,et'postmodi1m
626 2387 728 2462 Sarai
757 2412 917 2460 uxorem
939 2413 1046 2460 suam
1071 2387 1260 2460 Pharaoni
1282 2387 1486 2476 ,offenent‚

127 2484 241 2580 quasi
256 2481 370 2553 nollet
382 2505 463 2554 eam
478 2504 711 2576 cognoscere,
727 2482 908 2574 quamdiu
921 2481 1134 2556 crederetur
1146 2482 1324 2554 maritum
1338 2481 1487 2552 habere.

179 2575 578 2667 Sara‚uxorAbrahae‚
593 2574 787 2648 obediebat
798 2579 947 2666 marito,
959 2587 996 2645 et
1004 2578 1208 2645 Dominum
1220 2598 1307 2644 eum
1318 2577 1485 2648 vocabat.
1505 2585 1573 2635 Gen·
1598 2584 1639 2635 ιδ·

94 2691 105 2700 ·
176 2671 272 2743 Item
291 2671 403 2743 etiarn
423 2669 612 2745 Abraham
634 2671 736 2745 illius
755 2669 855 2744 votis
874 2667 1190 2744 condescendebat
1218 2667 1420 2740 interdum.
1505 2684 1572 2734 oen.
1589 2695 1631 2730 ιι.

149 2765 334 2934 lPropter
347 2765 468 2859 Sorai,
482 2791 644 2854 uxorem
658 2763 835 2860 Abrahae,
846 2763 1046 2859 flagellavit
1056 2765 1241 2838 Dominus
1252 2761 1487 2856 Pharaonem
1506 2783 1573 2835 cen.
1597 2799 1636 2834 η.

169 2887 190 2933 a
228 2887 245 2933 s
267 2885 456 2936 mammis.
1119 2885 1122 2893 ·

120 2885 151 2959 p
180 2885 336 3052 ΙξῙτορὶθιῑ
356 2957 511 3032 eandem
536 2957 721 3034 Dominus
745 2953 960 3030 Abimelech
987 2979 1054 3051 per
1087 2955 1276 3029 somnium
1304 2951 1485 3048 minando
1503 2961 1570 3013 Gen·
1600 2973 1642 3010 20·

118 3053 325 3125 exterruit.
596 3064 598 3068 ’

181 3143 393 3214 Consensus
424 3144 589 3235 exigitur
615 3145 662 3212 ad
687 3147 972 3216 matrimonium
992 3168 1000 3210 :
1020 3144 1207 3217 Vocemus
1233 3144 1417 3236 puellam,
1447 3153 1485 3212 et
1502 3137 1569 3187 oen.
1591 3131 1636 3201 ²⁴·

122 3257 345 3337 quaeramus
370 3233 488 3398 iqlsius
518 3235 763 3307 voluntatem.

183 3330 262 3403 illis
284 3329 387 3425 blasp
417 3351 539 3417 ernus,
556 3331 624 3422 qui
641 3328 715 3399 suit
732 3328 916 3421 lapidatus
938 3329 979 3400 in
995 3327 1158 3418 deserto,
1183 3325 1257 3398 fuit
1278 3325 1378 3398 filius
1400 3351 1487 3397 mu·
1502 3327 1591 3382 lavit.
1612 3328 1656 3396 ²4·

120 3429 233 3501 lieris
251 3421 466 3500 israelitidis
480 3419 525 3492 dc
548 3423 631 3495 viro
652 3423 828 3516 AEgyptio
843 3431 1048 3516 generatus.
1069 3423 1141 3491 Pcr
1155 3417 1255 3512 quod
1274 3418 1404 3492 haberi
1420 3445 1488 3513 po-
1552 3453 1554 3456 ·

120 3535 225 3611 test,
268 3519 342 3594 uod
357 3542 437 3591 non
458 3515 610 3612 expedit
636 3515 681 3586 de
701 3515 859 3586 diversis
882 3512 1017 3586 ritibus
1039 3513 1277 3585 matrimonia
1298 3513 1489 3605 copulare,

118 3618 224 3715 quia
241 3545 353 3688 ilberi
373 3610 462 3685 inde
484 3613 564 3685 nati
585 3611 680 3684 maie
709 3608 945 3681 imbuuntur.

183 3713 395 3801 secretum,
418 3705 519 3801 quod
537 3707 691 3779 Samson
717 3703 935 3800 parentibus
961 3699 1039 3774 suis
1062 3699 1184 3773 dicere
1215 3695 1359 3793 noluit,
1389 3705 1491 3773 uxor
1505 3696 1592 3750 runc.
1613 3698 1653 3767 ¹4·

118 3807 218 3902 ejus
248 3805 406 3878 extorsit
434 3802 481 3873 ab
508 3826 553 3872 eo
577 3803 619 3874 in
648 3800 829 3872 damnum
859 3797 987 3892 ipsius.
1194 3867 1205 3890 s

183 3899 293 3972 Dixit
320 3899 459 3971 Elcana
481 3895 528 3968 ad
552 3897 702 3969 Annam
723 3918 730 3962 :
756 3891 938 3988 Nunquid
962 3918 1029 3990 ego
1052 3915 1132 3966 non
1150 3887 1281 3963 melior
1297 3913 1381 3964 sum
1399 3889 1487 3984 tibi,
1507 3916 1530 3949 ¹·
1548 3899 1611 3966 neg.
1630 3915 1650 3950 1·

116 4017 251 4094 quam
274 3994 401 4066 decem
425 3990 530 4065 filiii
1402 4061 1407 4071 x
1779 4006 1781 4010 >

185 4086 304 4158 Nabal
323 4085 442 4160 durus
469 4098 506 4158 et
526 4089 709 4182 pessimus
732 4097 769 4158 et
792 4084 930 4159 stultus
960 4084 1094 4159 habuit
1124 4105 1284 4156 tuorem
1316 4079 1485 4178 abigail,
1507 4107 1530 4145 r.
1554 4097 1617 4164 neg.
1635 4093 1678 4152 25.

116 4207 222 4280 quae
250 4195 329 4255 erat
351 4181 639 4277 prudentissima
660 4195 697 4254 et
719 4182 997 4277 speciosissima.

187 4277 371 4364 Quamvis
385 4274 539 4349 haberet
549 4277 671 4358 David
693 4278 830 4358 multas
846 4303 1003 4374 uxores,
1014 4291 1141 4353 tamen
1154 4271 1379 4350 adulterium
1397 4297 1485 4350 cum
1501 4309 1522 4348 ι.
1541 4293 1603 4360 neg.
1623 4308 1660 4346 n.

112 4369 344 4452 Bethsabea
370 4372 562 4468 commisit·
1030 4471 1057 4542 Z
