4464 5464
517 437 784 536 mutus
823 441 975 532 cxlx.
1022 441 1199 530 Oratio:
1385 483 1391 496 ·
1444 465 1521 522 aar
1636 365 1638 376 =

211 676 307 750 Item
329 666 486 746 Martha
506 677 546 742 et
567 667 684 742 Maria
713 686 783 762 pro
809 664 952 744 lazaro
977 672 1055 769 jam
1088 667 1244 767 sepulto.
1273 701 1277 710 ·
1544 695 1624 749 voss.
1646 706 1699 746 so
1726 701 1733 725 ·

212 769 339 844 Etiam
363 765 411 840 de
438 790 505 858 eo,
524 761 624 862 qnod
651 763 839 838 Dominus
864 758 985 842 facere
1009 765 1226 864 proposuit,
1247 758 1333 839 vult
1366 783 1433 856 pcr
1459 782 1530 834 1¹0⁸
1549 777 1648 849 mim
1667 763 1717 863 φ’

162 866 244 965 ipse
265 861 493 961 quandoque
514 857 807 956 rogarizilogate
833 857 1043 938 Dominum
1065 861 1218 953 messis,
1235 870 1281 933 ut
1303 856 1430 930 mittat
1447 879 1533 952 ope·
1602 899 1604 906 ,

162 961 282 1038 ratos
302 961 345 1034 in
365 979 525 1032 messem
555 977 673 1028 suam.
707 953 840 1026 Statim
866 959 1058 1056 sequitur:
1072 957 1296 1034 Convocatis
1312 964 1385 1026 etc.

212 1057 378 1134 Dimissa
396 1051 532 1141 turba,
551 1043 718 1120 aseendit
740 1045 927 1126 Dominus
946 1053 988 1125 in
1009 1066 1178 1128 montem
1206 1051 1307 1126 solus
1330 1072 1446 1122 orare.
1485 1047 1531 1118 In
1549 1067 1706 1138 men-14.

165 1179 244 1250 qno
269 1150 469 1236 docemur,
485 1141 588 1241 quod
611 1139 704 1215 dnm
738 1165 843 1234 orare
870 1146 1237 1242 volumus,turbam
1263 1147 1446 1221 debemus
1473 1139 1533 1216 fu-

166 1267 341 1344 gere,ne
364 1239 576 1314 turbemur.
674 1287 675 1292 =
773 1275 776 1280 ·
815 1273 817 1280 ·
882 1283 887 1294 ·
940 1295 949 1311 .

218 1336 405 1414 Dominus
434 1344 471 1406 et
496 1333 667 1408 Salvator
697 1344 826 1409 noster
849 1334 893 1409 in
924 1335 1139 1436 Evangeliis
1167 1363 1238 1414 nos
1263 1361 1370 1412 orare
1404 1335 1648 1414 docuit-mus.
1668 1346 1696 1399 s.

167 1433 298 1511 verbo.
327 1431 493 1526 sicergo
517 1425 815 1505 orabitiszPater
835 1443 964 1508 noster
997 1445 1065 1507 etc.
1102 1437 1259 1533 Oportet
1281 1457 1427 1531 semper
1452 1455 1534 1508 ora-
1549 1419 1628 1472 Μ·
1650 1415 1692 1470 ¹⁸·

170 1555 212 1604 re
237 1537 274 1600 et
298 1549 496 1636 nunquam
526 1521 693 1598 deficere.
832 1561 835 1568 ·
1338 1612 1339 1618 ἵ

217 1624 312 1697 Item
339 1619 521 1692 animavit
541 1619 789 1715 promissione
813 1623 905 1698 Luc.
925 1623 979 1699 aa
1003 1623 1125 1704 Petite
1142 1637 1181 1701 et
1202 1623 1400 1722 accipietis.
1415 1623 1511 1698 Item
1524 1645 1538 1694 :1
1549 1639 1628 1692 tas.
1656 1633 1701 1705 er.

165 1717 206 1790 Si
234 1713 327 1816 quid
353 1713 534 1812 petieritis
560 1725 706 1811 patrem
727 1716 774 1794 ¹in
799 1722 956 1794 nomine
979 1746 1086 1813 meo,
1103 1720 1252 1798 faciam.
1541 1705 1650 1802 ,Μ’
1672 1704 1717 1774 '⁴'

167 1809 439 1984 bainformavit
464 1809 649 1908 exemplo.
678 1810 762 1909 Ipse
792 1814 1000 1916 enim,qui
1028 1828 1174 1915 poterat
1200 1817 1405 1915 imperare,
1427 1813 1537 1892 vole·
1551 1825 1685 1946 2¹:0¹⁰,ss
1733 1895 1738 1906 ¹

219 1918 236 1980 t
262 1931 378 1982 orare.
1512 1919 1516 1927 '
1609 1925 1617 1944 ·
1673 1923 1686 1946 ⁶

220 2000 434 2099 specialiter
448 1999 773 2091 autem,instante
793 2006 1050 2100 persecutione
1069 2008 1254 2104 passionis
1283 2005 1535 2102 enumeravit,
1553 2017 1652 2073 stanh-
1675 2015 1719 2070 πθ·

169 2109 210 2174 et
222 2109 347 2172 'orare
368 2097 516 2170 monuit
529 2121 537 2166 :
549 2095 710 2192 vigilate
732 2110 769 2173 et
790 2099 1059 2193 orataaiebat.

219 2188 381 2284 Quando
403 2192 520 2264 Maria
541 2191 757 2287 Magdalena
774 2195 928 2270 veniam
946 2194 1111 2271 obtinuit
1133 2221 1157 2270 a
1177 2195 1344 2270 Domino
1366 2192 1535 2268 dicente:
1556 2205 1622 2260 tae.
1643 2223 1670 2278 u
1700 2265 1702 2270 ,

173 2288 433 2362 Remittuntur
442 2285 511 2363 tibi
523 2296 687 2382 peccata,
699 2287 798 2362 nihil
812 2287 992 2366 vocaliter
1001 2291 1124 2364 ordsse
1134 2289 1275 2368 dicitur
1284 2343 1295 2381 ,
1304 2289 1368 2362 sed
1379 2289 1541 2364 flevisse.

171 2384 250 2459 Ubi
266 2393 417 2480 apparet
428 2379 588 2454 efficacia
603 2381 776 2456 mentalis
796 2379 987 2476 desiderii,
998 2383 1112 2460 etiam
1126 2385 1207 2458 sine
1222 2383 1390 2457 oratione
1406 2381 1543 2458 vocali

219 2477 279 2554 Ad
304 2476 525 2558 instantiam
552 2476 732 2552 orationis
757 2475 943 2558 Dominus
963 2502 1037 2552 nos
1059 2473 1208 2556 inducit
1230 2476 1404 2577 exemplo
1429 2477 1626 2552 antici-Luc·
1645 2505 1689 2544 n.

169 2573 219 2654 cd
240 2575 403 2651 amicum
433 2571 557 2648 media
582 2583 693 2646 nocte
715 2574 858 2648 euntis
1323 2624 1329 2638 .
1694 2633 1697 2640 .

219 2673 270 2748 Et
295 2669 469 2768 exemplo
495 2667 646 2758 viduse,
661 2693 746 2766 qun
768 2667 815 2742 ab
836 2667 969 2768 iniquo
990 2667 1138 2768 judice,
1153 2669 1541 2768 cumimportnnitate
1561 2689 1626 2746 cue.
1647 2687 1690 2747 ss.
1762 2761 1768 2774 ι

171 2766 314 2858 multa,
333 2791 413 2843 sese
438 2762 625 2841 vindicari
653 2763 801 2859 petebat
1791 2851 1793 2858 Ι

218 2861 276 2936 Ad
297 2861 495 2938 humiliter
519 2855 705 2935 orandum
726 2870 765 2933 et
793 2860 1011 2956 jactantiam
1038 2857 1377 2955 contemnendam,
1395 2859 1675 2956 inducitniteu.

170 2957 361 3060 Dominus¹
376 2953 600 3054 exemplum·
618 2953 671 3030 de.
695 2955 856 3067 superbo
879 2956 1064 3054 pharisaeo
1099 2968 1138 3031 et
1166 2955 1308 3031 humili
1332 2955 1542 3068 publicano.

217 3053 308 3124 Post
329 3053 581 3126 ascensionem
603 3049 758 3128 Domini
778 3053 820 3124 in
842 3052 980 3138 coslum
996 3051 1163 3146 ,reversi
1189 3065 1282 3128 sunt
1302 3049 1478 3152 discipuli
1501 3055 1543 3126 in
1560 3082 1653 3136 mr.
1675 3091 1700 3132 ι.

174 3140 401 3232 Jerusalem,
416 3151 591 3246 atterant
615 3164 747 3211 omnes
779 3160 1064 3248 perseverantes
1087 3149 1132 3220 in
1156 3149 1327 3224 cutione
1341 3145 1546 3224 'unanimi-

174 3247 257 3327 ter,
274 3254 362 3306 cnm
386 3229 616 3322 muhenbus
633 3241 679 3302 st·
702 3235 836 3306 Marsat

223 3326 392 3427 Apostoli
409 3325 578 3406 volentes
597 3347 719 3397 mium
735 3323 783 3400 de
802 3323 1001 3422 discipulis
1015 3327 1150 3424 eligere
1165 3327 1209 3404 in
1221 3330 1444 3427 Apostolum
1463 3333 1549 3410 loco
1562 3362 1680 3420 usa...

172 3423 305 3518 Jndae,
328 3429 543 3530 clauserunt
567 3416 666 3530 dnos
688 3417 828 3531 loseph
843 3431 881 3494 et
891 3421 1090 3498 Matthiern
1113 3434 1151 3496 et
1172 3435 1322 3497 orantes
1342 3421 1525 3499 dixerunt
1537 3450 1550 3522 :⁴

177 3523 238 3597 Tu
263 3519 446 3611 Domine,
471 3539 540 3612 qus
564 3526 667 3588 nostr
687 3537 859 3588 omnium
890 3515 1022 3608 corda,
1040 3515 1216 3607 ostende,
1239 3541 1355 3614 quem
1383 3519 1546 3615 elegeris.

224 3617 365 3690 Omnes
386 3610 513 3686 fideles
529 3610 573 3686 in
588 3609 783 3706 primitiva
801 3609 967 3688 Ecclesia
982 3621 1264 3708 perseverantes
1282 3624 1390 3685 erant
1404 3614 1447 3686 in
1458 3611 1548 3688 doc-
1563 3631 1657 3686 seur.
1673 3645 1701 3690 a.

174 3711 277 3822 trina
308 3707 590 3808 Apostolorum,
613 3714 651 3781 et
676 3704 1015 3802 communicatione
1036 3703 1236 3786 momnis.
1251 3705 1380 3808 panis,
1411 3719 1449 3785 et
1469 3713 1549 3783 ora·
1667 3710 1674 3737 ²

176 3807 470 4014 tloliiiiiui'etrus
488 3907 527 3976 et
547 3895 712 3978 loannes
727 3893 978 3976 ascenderunt
994 3899 1038 3976 in
1055 3895 1241 4000 templum
1253 3894 1445 4006 adhoram
1463 3925 1549 3996 ma,
1564 3911 1657 3969 aas.
1678 3911 1707 3968 a

176 4007 512 4180 tlnilidalidibinem
528 4077 706 4190 discipuli
720 4087 953 4167 unanimiter
969 4115 1052 4174 ,nna
1069 4115 1182 4184 voce,
1204 4101 1335 4165 motus
1351 4103 1409 4166 est
1426 4089 1550 4188 bens,
1566 4107 1660 4164 aens
1679 4103 1711 4178 a

174 4185 219 4264 in
239 4211 316 4284 qno
337 4197 442 4262 crant
459 4187 690 4284 wagregati,
709 4195 748 4259 et
769 4184 901 4282 repleti
916 4199 1008 4266 sunt
1027 4185 1318 4290 omnesspiritn
1339 4197 1496 4286 sancto,
1513 4201 1554 4269 et
1701 4249 1705 4258 .

175 4277 429 4392 loquuntur
454 4281 618 4390 verbnm
644 4282 717 4378 Dei
740 4283 785 4363 in
813 4279 967 4374 fidum,
1697 4291 1698 4296 '
