4464 5464
251 364 564 512 'Tirenus
618 377 766 503 ouu
817 377 1053 463 suentium
1103 397 1146 460 a
1187 375 1438 490 loquacius.
1477 377 1559 460 aas

190 605 293 702 quod
319 600 512 698 respondit
535 598 643 672 Judae
659 603 914 676 murmuranti
936 603 983 675 de
998 612 1210 698 unguente,
1230 597 1331 698 quod
1348 596 1563 672 secundum

189 702 418 774 sententiam
430 721 538 769 suam
559 696 773 772 venundari
784 696 982 773 debuisset.
1000 698 1116 772 Sinite
1138 696 1316 796 (inquit)
1335 694 1439 768 utin
1463 692 1564 768 diem

190 795 397 893 sepulturae
429 815 522 864 meae
550 803 674 865 servet
701 791 807 865 illud.

241 890 416 988 Sepultus
439 889 515 960 luit
547 887 732 957 Dominus
753 913 820 982 per
850 890 993 986 loseph·
1020 903 1056 966 et
1090 889 1335 964 Nicodemum
1361 889 1403 960 in
1439 883 1564 979 sepul·
1582 899 1661 950 uait.
1676 915 1720 964 ας.

194 1010 258 1152 pro
299 1009 402 1059 novo
440 983 568 1055 exciso
595 983 637 1058 in
666 993 785 1077 petre,
821 985 862 1056 in
887 1013 964 1082 quo
990 985 1161 1061 nondum
1188 985 1389 1082 quisquam
1419 979 1564 1077 positus
1581 969 1717 1086 ῗξζζξ·

215 1093 332 1153 uerat·
579 1089 582 1096 ¹
1580 1103 1677 1152 loun-1
1700 1136 1706 1148 .

245 1175 486 1246 Curarerunt
509 1171 587 1245 viri
607 1173 774 1246 timorati
800 1199 823 1244 a
851 1175 993 1249 Judaeis
1016 1174 1225 1274 lapidatum
1251 1172 1507 1271 Stephanum,
1527 1181 1564 1244 et
1581 1119 1722 1234 Asosll

199 1257 370 1342 lecerunt
396 1267 591 1363 planctum
618 1291 797 1362 magnum
821 1295 933 1366 super
955 1297 1054 1345 eum.

546 1455 937 1545 r1runns
1003 1458 1219 1546 cciv.
1354 1443 1361 1454 '

602 1633 821 1719 Silentium
845 1655 886 1719 et
909 1637 1151 1750 loquacitas.

196 1763 454 1914 Praeceptum
481 1820 584 1891 dedit
601 1822 787 1898 Dominus
804 1824 917 1915 Adae,
939 1845 1019 1897 non
1044 1823 1154 1916 Evae,
1180 1833 1226 1896 ut
1250 1826 1388 1898 mulier
1408 1821 1710 1895 habetatum..

199 1914 645 2081 πῃίῐὲοτειῐιάοοοαείοηειη
665 1915 866 2011 loquendi,
901 1915 966 1988 sod
994 1919 1121 2009 potins
1149 1919 1406 2012 interrogandi
1431 1943 1453 1988 a
1482 1918 1568 1992 viro

201 2021 238 2082 et
290 2011 391 2082 iscen
418 2009 443 2080 i.

248 2109 331 2179 Eva
354 2106 457 2200 prius
486 2104 625 2202 legitur
651 2131 738 2180 cum
751 2115 936 2202 serpente,
963 2127 1077 2201 qnam
1094 2130 1182 2178 cum
1196 2106 1281 2179 viro
1299 2104 1475 2178 habuisse
1494 2106 1567 2178 ool·
1583 2124 1650 2176 een.
1665 2123 1695 2172 a·

200 2202 395 2297 loquium,
424 2199 526 2296 quod
559 2202 631 2274 sibi
661 2214 700 2275 et
751 2201 882 2274 osteris
902 2201 1136 2274 damnosum
1170 2201 1254 2273 fuit.
1287 2201 1429 2274 ibidem
1456 2211 1567 2291 nota,

203 2321 317 2394 quam
340 2295 436 2370 male
462 2298 611 2394 repetiit
627 2229 849 2370 mandatum
870 2296 1041 2388 Domini,
1067 2296 1215 2369 homini
1241 2294 1382 2369 datum.

252 2385 370 2464 Cham
387 2391 490 2465 filius
513 2391 615 2486 Noe,
637 2418 725 2466 cum
743 2391 901 2468 vidisset
919 2390 1085 2467 verenda
1105 2391 1244 2487 patris,
1270 2391 1469 2476 nunciavit
1493 2389 1570 2460 sra-
1585 2415 1692 2478 ceap.

201 2487 323 2560 tribus
347 2489 446 2582 suis,
468 2501 505 2562 et
525 2489 614 2562 inde
633 2487 932 2562 maledictionem
963 2487 1135 2561 incurrit.

250 2582 455 2694 Postquam
484 2585 634 2660 locutus
671 2595 727 2658 est
755 2583 941 2658 Dominus
964 2582 1012 2656 ad
1040 2587 1222 2681 Moysen,
1253 2581 1499 2678 impeditioris
1533 2591 1571 2652 et
1587 2597 1671 2652 uxos.
1686 2597 1712 2648 s:
1777 2626 1778 2639 ,

204 2677 378 2752 tardioris
394 2680 533 2776 linguae
559 2680 645 2754 fuit.
676 2683 739 2754 Ex
757 2705 840 2776 quo·
859 2681 1009 2772 innuit,
1036 2679 1138 2775 quod
1160 2677 1370 2775 spirituales
1390 2677 1486 2767 viri,
1503 2677 1571 2774 qui

205 2799 300 2869 saepe
323 2798 409 2847 cum
428 2777 507 2848 Deo
528 2777 766 2872 loquuntur,
795 2773 894 2848 tardi
921 2801 1001 2848 esse
1025 2775 1162 2848 debent
1181 2773 1229 2862 ad
1255 2771 1497 2868 loquendum.
1620 2777 1624 2786 '

252 2870 434 2943 Axafilia
449 2869 563 2943 Caleb
586 2871 717 2944 sedens
734 2874 775 2942 in
798 2872 925 2962 asino,
949 2883 986 2944 et
1006 2872 1221 2966 suspirans,
1241 2871 1331 2941 cuni
1348 2893 1457 2940 suasa
1476 2878 1573 2942 esset
1589 2893 1666 2942 tosus
1682 2889 1728 2941 ιε.

206 2966 322 3036 avire
340 2992 424 3054 suo,
434 2967 584 3039 monuit
598 2979 763 3062 patrem,
782 2963 829 3036 ad
841 2965 1086 3062 quaerendum
1099 2966 1193 3059 quid
1208 2964 1363 3034 haberet
1375 2975 1435 3054 ,et
1446 2963 1585 3058 postea.

207 3055 423 3144 impetravit
445 3081 467 3122 a
488 3070 593 3146 patre
609 3063 796 3149 irriguum
824 3063 996 3148 superius
1014 3072 1051 3128 et
1072 3058 1243 3130 inferius.

258 3147 413 3216 Samson
432 3157 637 3232 secretum,
692 3145 766 3215 uod
808 3149 1000 3216 arentibus
1022 3149 1142 3218 dicere
1159 3151 1282 3220 noluit
1295 3203 1305 3239 ,
1320 3152 1436 3221 uxori
1457 3177 1574 3248 expo-
1590 3188 1676 3240 sudi„
1697 3187 1738 3237 ,4-

210 3239 313 3314 suit:
337 3263 422 3334 quas
446 3240 571 3310 statim
599 3173 694 3309 illud
718 3237 760 3307 in
782 3171 965 3309 damnum
988 3240 1117 3310 mariti
1137 3240 1355 3334 publicavit.
1592 3257 1593 3260 ’
1711 3213 1725 3253 ⁴

258 3333 361 3408 Idem
381 3333 564 3405 indicavit
581 3331 729 3423 Dalilae,
756 3331 946 3498 ppomodo
976 3343 1100 3427 posset
1125 3333 1296 3406 amittere
1313 3334 1574 3414 fortitudinem
1591 3373 1677 3424 smne,
1697 3373 1740 3422 ,ὧν

211 3456 345 3521 suam,
377 3428 515 3525 illaque
534 3428 614 3500 sine
639 3451 745 3499 mora
794 3426 937 3499 ostibus
967 3427 1160 3500 revelavit.
1407 3441 1412 3446 '

259 3528 368 3598 Anna
396 3536 517 3598 mater
546 3521 753 3616 Samuelis,
784 3523 942 3597 venians
993 3519 1039 3620 ad
1076 3520 1357 3595 tabemaculum
1396 3524 1728 3625 Domini',1.11„„„

210 3620 435 3716 loquebatur
460 3622 501 3692 in
532 3617 641 3691 corde
666 3643 758 3711 suo,
778 3629 1004 3714 tantumque
1024 3617 1123 3690 labia
1140 3617 1223 3710 eius
1241 3619 1512 3710 movebantur,
1540 3631 1588 3692 et„

212 3741 292 3792 vox
318 3718 469 3812 penitus
496 3741 572 3787 non
592 3712 823 3786 audiebatur.

260 3811 408 3883 Samuel
439 3809 627 3884 dormiens
650 3809 690 3880 in
713 3809 975 3903 tabernaculo,
1000 3815 1185 3882 ostensam
1206 3805 1277 3878 sibi
1294 3808 1482 3882 visionem‘
1498 3833 1616 3893 nont„
1629 3843 1691 3911 neg,
1705 3845 1748 3895 aa

210 3906 393 3983 indicavit
416 3906 499 3979 lleli
518 3961 538 3998 ,.
557 3905 675 3978 donec
695 3905 944 4000 interrogatus
966 3917 1004 3978 et
1025 3903 1220 4000 adjuratus
1241 3901 1325 3976 fuit.
1338 3905 1492 3978 abillo..

263 4001 358 4074 Cum
375 4001 446 4074 filii
465 4001 579 4074 Belial
603 4001 769 4074 dicerent
785 4001 830 4073 de
852 4002 960 4075 Saule
990 4025 1091 4075 novo
1109 4023 1217 4094 rege:
1241 3997 1325 4071 Non
1343 4000 1486 4075 salvare
1506 4029 1575 4076 nos
1595 4046 1616 4080 ι.
1629 4031 1691 4099 neg.
1708 4047 1753 4082 tor

215 4097 351 4192 poterit
399 4098 497 4169 iste:
525 4097 591 4170 llle
629 4096 907 4194 dissimulabat,
930 4123 968 4172 se
1009 4097 1148 4169 audire.
1182 4096 1256 4168 Ex,
1284 4121 1362 4191 quo
1399 4096 1577 4194 intelligi-

214 4206 304 4281 tur,
324 4193 425 4284 quod
450 4204 556 4264 caute
585 4191 738 4263 tacebat.
1043 4217 1051 4238 ·

262 4286 366 4408 Cum
382 4287 514 4367 David.
535 4297 664 4362 contra
692 4285 809 4390 llabal
830 4261 1028 4386 turbatus,
1057 4285 1295 4386 postmodum
1322 4279 1577 4384 perAbigail,
1595 4321 1767 4390 „‚11„„5,2,
