4498 5462
665 385 747 485 adl
961 374 1224 463 TITULUS
1261 373 1414 488 XCIX.
1457 366 1685 464 Miracula.

768 501 2011 538 mm

465 630 525 678 του.
542 643 561 675 1·
578 629 604 674 et
618 637 641 672 2·
713 613 914 684 Occasione
941 608 1071 700 Jonae,
1101 631 1202 681 mare
1222 603 1296 678 fuit
1314 609 1575 690 commotum,
1609 621 1685 691 quo
1712 598 1875 693 projecto
1905 597 2021 704 piscis

662 732 747 779 eum
773 707 945 801 glutivit,
973 718 1009 777 et
1036 730 1103 800 per
1127 701 1296 774 triduum
1319 696 1372 771 ibi
1389 693 1512 782 vixit,
1541 705 1577 764 et
1600 703 1729 786 postea
1750 715 1865 764 sanus
1884 691 2019 764 exivit.

430 881 437 896 ,
464 819 490 856 2·
507 801 595 852 Muh-
617 801 641 851 ³·
707 803 897 898 Expertus
916 811 972 874 est
982 799 1201 872 Heliodorus
1221 795 1389 868 divinam
1404 789 1588 862 virtutem
1600 839 1610 876 ,
1622 785 1774 880 quando
1793 785 1918 861 voluit
1940 809 2022 880 spo·

659 897 750 969 liare
768 897 966 991 templum,
977 895 1126 990 fuitque
1138 918 1159 964 a
1173 891 1319 963 duobus
1338 883 1542 983 juvenibus
1554 883 1776 972 gravissime
1789 881 2017 957 verberatus.

467 1011 492 1044 ²·
511 993 597 1044 Mul·
615 993 641 1044 ⁸·
708 990 898 1066 Adverlnis
930 993 1078 1064 Galatas
1096 991 1138 1062 in
1169 985 1380 1082 Babylonia
1412 978 1518 1069 6,ooo
1550 973 1748 1046 hominum
1779 985 2017 1072 peremerunt

465 1193 528 1246 Luc·
548 1212 568 1245 1.

667 1111 790 1178 12,ooo
820 1087 1202 1180 hominum,pr0pter
1228 1079 1414 1152 auxilium
1433 1073 1507 1144 illis
1528 1097 1548 1142 e
1571 1065 1667 1178 coelo
1690 1066 1831 1180 datum.
1988 1165 1995 1179 ι

708 1183 872 1278 Angelus
889 1183 1041 1254 Domini
1056 1178 1228 1272 apparuit
1245 1172 1451 1260 zacharie,
1467 1187 1653 1248 nuncians
1674 1188 1710 1235 er
1731 1191 1780 1238 ex
1828 1177 1904 1238 arte
1929 1165 2018 1256 Der,

662 1277 763 1371 quod
786 1303 888 1349 uxor
914 1278 996 1369 ejus
1023 1269 1214 1345 Elisabeth
1242 1267 1377 1341 sterilis
1397 1277 1433 1336 ct
1456 1287 1551 1336 anus
1578 1272 1723 1352 pareret
1743 1261 1777 1332 ei
1798 1192 1942 1369 hlium:
1956 1261 2023 1355 qni

660 1365 937 1466 incredulusssad
948 1369 1109 1443 verbum
1125 1365 1264 1458 angeli,
1275 1373 1403 1436 mutus
1420 1358 1571 1432 allectus
1592 1353 2024 1463 est,usqueadc1rcum-

662 1469 839 1538 cisionem
865 1465 995 1559 pueri,
1011 1475 1047 1534 et
1064 1474 1154 1534 tunc
1174 1460 1321 1554 loquela
1347 1456 1520 1530 restituta
1546 1462 1602 1526 est
1624 1475 1666 1520 e1.
1801 1544 1807 1558 .

710 1556 847 1632 Mirum
861 1612 871 1649 ,
885 1559 992 1630 dulce
1005 1611 1015 1648 ,
1027 1570 1064 1629 et
1079 1557 1184 1650 pium
1200 1554 1308 1627 valde
1325 1551 1420 1638 fuit,
1463 1549 1587 1622 nando
1604 1541 1650 1616 ad
1666 1543 1916 1616 salutationem
1931 1541 2015 1610 bea-

662 1666 711 1725 tae
731 1654 856 1725 Mariae
871 1708 880 1742 ,
895 1671 979 1746 quae
998 1654 1149 1724 noviter
1165 1658 1382 1744 conceperat
1402 1646 1424 1715 S
1462 1657 1625 1720 vaterem
1635 1655 1649 1733 ,'
1666 1638 1822 1710 loannes
1843 1637 1885 1707 in
1905 1645 2013 1708 utero

663 1749 793 1819 matris
815 1748 985 1818 existens
1014 1745 1223 1818 exultavit:
1250 1745 1431 1837 beataque
1450 1736 1660 1826 Elisabeth,
1675 1734 1746 1806 hoc
1765 1755 2017 1826 cognoscem,

664 1841 851 1915 exultavit
876 1840 1003 1914 dicens
1016 1867 1023 1910 :
1036 1837 1235 1912 Benedicta
1253 1851 1297 1912 tu
1314 1839 1357 1910 in
1378 1835 1621 1922 mulieribus,
1638 1843 1706 1902 etc.
1889 1919 1895 1935 ι

712 1939 806 2009 Item
823 1933 859 2009 et
881 1937 982 2033 quod
1006 1937 1103 2030 Magi
1125 1947 1314 2010 venerunt
1333 1933 1380 2003 ab
1407 1924 1692 2022 oriente„stelltt
1720 1919 2027 2012 duce,ll1eroso·

664 2032 677 2102 l
710 2057 820 2104 mam.
1936 2063 1959 2096 ,-

681 2059 876 2200 yVocatus
903 2127 949 2199 ad
975 2129 1126 2226 nuptias
1150 2124 1334 2199 Dominus
1362 2122 1493 2211 Jesus,
1511 2119 1621 2192 initio
1649 2119 1867 2210 signorum,
1893 2121 2026 2209 aquarn

664 2225 705 2297 in
728 2223 863 2296 vinum
892 2225 1018 2297 vertit.
1624 2229 1631 2242 “

713 2317 796 2390 Non
817 2317 891 2392 fuit
910 2344 1071 2415 parvum
1094 2315 1246 2390 Domini
1264 2311 1511 2402 miraculum,
1527 2305 1679 2406 quando
1699 2301 1822 2378 illido
1843 2301 2021 2373 Nazareth

665 2414 721 2486 irai
736 2413 866 2511 repleti
880 2414 1075 2488 duxerunt
1095 2439 1181 2486 eum
1199 2409 1243 2482 ad
1256 2407 1496 2501 supercilium
1514 2404 1674 2493 montis,
1691 2411 1735 2473 ut
1753 2399 2024 2494 praecipitarent

665 2533 752 2580 eum
766 2533 773 2575 :
786 2511 864 2602 ipse
883 2521 1007 2578 autem
1028 2509 1214 2575 transiens
1233 2529 1300 2594 per
1320 2499 1485 2570 medium
1505 2498 1672 2586 illorum,
1695 2497 1785 2568 ibat.

590 2613 605 2674 t
717 2600 906 2669 circuibat
941 2597 1073 2686 lesus,
1092 2595 1384 2692 obtuleruntque
1422 2593 1455 2664 ei
1486 2617 1615 2666 omnes
1646 2591 1742 2665 male
1768 2590 1968 2684 habentes,
1989 2600 2026 2661 et

495 2695 525 2727 ¹¹⁰
572 2710 579 2724 ·
619 2709 626 2724 ·
670 2692 817 2762 curavit
846 2715 925 2762 nos.

718 2785 912 2873 Quantum
934 2783 980 2853 ad
1000 2783 1296 2878 miracula,quae
1329 2782 1498 2856 Salvator
1522 2793 1672 2873 noster,
1687 2803 1769 2852 cum
1798 2777 2020 2850 homiuibus

670 2889 936 2967 conversatus,
953 2876 1127 2969 dignatus
1157 2889 1213 2948 est
1235 2876 1400 2971 operari,
1416 2877 1628 2972 evangelica
1646 2875 1823 2970 colligitur
1848 2872 2018 2946 historia.

670 2969 767 3057 Quia
779 2971 856 3064 ipse
872 2981 947 3041 tres
964 2978 1130 3042 mortuos
1148 2971 1342 3046 suscitavit
1355 3024 1364 3060 ,
1375 2971 1549 3044 videlicet
1564 2972 1678 3045 filiam
1689 2967 2024 3066 Archi-synagogi,

669 3063 1118 3158 Mattl1.non0,etMarc.
1137 3066 1291 3162 quinto,
1313 3066 1435 3138 filium
1455 3065 1581 3140 viduae
1604 3080 1713 3140 extra
1727 3077 1873 3163 portam
1895 3065 2028 3136 civita-

669 3159 718 3229 tis
741 3157 927 3253 delatum,
949 3161 1059 3232 Lucae
1075 3174 1229 3253 octavo,
1251 3163 1361 3234 tertio
1375 3163 1574 3252 Lazarum,
1594 3160 1700 3236 toan.
1727 3159 1934 3234 undecimo.

718 3254 860 3327 Deinde
885 3257 1048 3350 leprosos
1076 3257 1249 3328 undecim
1281 3259 1437 3328 sanavit.
1473 3257 1528 3327 De
1554 3253 1649 3349 une,
1677 3253 1845 3328 Matthaei
1869 3265 2015 3344 octavu,

669 3349 779 3420 Lucae
810 3343 954 3444 quinto.
991 3349 1045 3421 De
1068 3351 1150 3422 aliis
1173 3351 1296 3437 decem
1329 3349 1442 3424 simul
1464 3351 1673 3445 mundatis,
1695 3354 1785 3425 Luc.
1818 3374 1866 3448 ¹7·

717 3447 849 3518 Postea
860 3467 928 3517 sex
943 3469 1062 3520 coecos
1073 3447 1208 3540 legitur
1225 3446 1466 3522 illuminisse.
1477 3447 1532 3517 De
1544 3445 1691 3520 duobus
1711 3443 1839 3534 simul,
1853 3441 2023 3515 Matthaei

669 3564 781 3611 nono.
815 3541 870 3612 De
900 3540 980 3613 aliis
1010 3540 1172 3631 duobus,
1193 3541 1362 3614 Matthaei
1385 3542 1584 3634 ,vigesimo
1618 3545 1673 3614 De
1698 3569 1777 3615 uno
1800 3541 1890 3630 alio,
1907 3539 2025 3611 Marci

670 3646 811 3710 octavo.
851 3637 1021 3709 Veniunt
1045 3633 1265 3726 Bethsaida,
1283 3649 1351 3709 etc.
1388 3637 1443 3706 De
1465 3659 1561 3707 caeco
1582 3649 1682 3709 nato.
1715 3638 1821 3708 Joan.
1845 3660 1878 3732 9.

717 3730 1107 3802 Daemoniacos'autem
1124 3742 1261 3825 septem
1281 3729 1486 3824 specialiter
1500 3729 1683 3806 liberavit.
1692 3733 1747 3803 De
1760 3731 2028 3820 duobus,Mat-

669 3819 760 3894 thaei
776 3839 910 3906 octauo
921 3881 932 3918 ,
943 3837 1104 3920 quornm
1120 3851 1221 3896 unns
1239 3835 1319 3896 erat
1334 3823 1528 3914 famosior,
1539 3835 1575 3896 et
1594 3850 1733 3898 nomen
1753 3827 1825 3900 sibi
1841 3824 2029 3919 legionem

661 3923 749 3994 'esse
765 3919 928 3992 dicebat:
943 3921 1300 4012 tangiturid,Lucae
1320 3933 1464 3994 octavo.
1480 3917 1535 3991 De
1553 3946 1632 3992 nno
1655 3921 1728 3993 alio
1739 3977 1749 4014 ,
1761 3922 1829 4032 qui
1850 3930 1928 3992 erat
1952 3943 2028 3991 coe·

620 4049 623 4056 ·
670 4033 736 4089 cus
767 4027 804 4087 et
821 4026 950 4086 ninius
963 4015 1152 4102 ,Matthaei
1167 4015 1395 4087 duodecimo.
1414 4015 1468 4084 De
1485 4015 1647 4108 quodam
1661 4015 1847 4108 lunatico,
1860 4017 1928 4112 qui
1945 4035 2021 4086 non

669 4123 814 4206 poterat
828 4109 995 4198 liberari,
1010 4108 1082 4184 n'isi
1096 4110 1241 4204 jejunio
1258 4122 1295 4183 et
1311 4109 1492 4201 oratione,
1509 4109 1676 4183 ttatthoei
1691 4109 2015 4208 decimoseptimo,

671 4209 915 4306 Marci-nono.
935 4205 984 4278 Et
998 4200 1044 4276 de
1061 4203 1221 4302 quodam
1238 4204 1372 4305 spiritu
1389 4204 1585 4280 immundo
1592 4207 1661 4310 ,ab
1678 4203 1833 4282 homine
1843 4207 1885 4281 in
1902 4225 2023 4371 synagh

1925 4321 1995 4396 808
