4310 5472
661 481 669 489 ,
735 369 787 455 ss
1035 363 1327 456 ‚neotus
1349 360 1506 456 xtu.
1541 357 1726 452 neces.

538 599 624 654 Juflc·
639 604 682 649 ¹¹·
786 587 945 694 Majores
963 611 1058 672 natu
1073 600 1119 672 de
1135 599 1274 672 Galoed
1292 608 1541 694 penexerunt
1564 593 1610 665 ad
1629 594 1651 665 J
1653 591 1813 690 ephthe,
1835 591 2114 700 dixeruntque

739 692 785 766 ad
805 719 891 766 eum
909 718 917 762 :
936 693 1034 766 Veni
1062 709 1098 769 et
1119 707 1207 768 -esto
1231 694 1402 793 princeps
1434 702 1586 783 noster,
1618 701 1656 761 et
1681 713 1806 786 pugne
1831 703 1965 765 contra
2006 697 2108 774 filios

740 792 913 861 Ammon.
1152 839 1158 846 -

544 904 567 937 ¹·
582 887 645 951 Res·
659 897 685 950 e
789 886 879 955 Erat
901 885 962 956 vir
984 883 1029 956 de
1056 885 1275 980 Beniamin,
1291 883 1443 957 nomine
1456 879 1539 970 Cis,
1560 891 1597 951 et
1616 879 1651 952 ei
1669 877 1769 952 filius
1788 881 1977 990 pocabulo
1996 889 2100 980 Saul,

743 978 880 1051 electus
903 991 939 1049 et
963 979 1106 1070 bonus,
1125 993 1162 1052 et
1180 1007 1256 1052 non
1274 991 1352 1052 erat
1372 977 1434 1050 vir
1451 973 1497 1046 de
1512 973 1625 1045 Israel
1648 971 1778 1083 melios
1795 975 1876 1064 ille,
1896 989 1967 1048 etc.
1993 982 2100 1056 Hunc

742 1072 925 1146 revelavit
945 1074 1129 1146 Dominus
1153 1075 1315 1147 Samueli
1336 1067 1547 1167 eligendum
1573 1066 1677 1160 sore,
1699 1080 1736 1140 et
1756 1073 2029 1164 mungendum
2045 1107 2098 1152 su·

741 1194 808 1263 per
829 1165 1009 1260 populum
1030 1168 1155 1239 Israel.
1356 1187 1365 1198 '
1543 1229 1546 1234 A
1629 1259 1635 1272 ‚
1841 1233 1848 1252 .

549 1281 571 1314 ¹·
587 1263 648 1329 R‘s·
666 1257 705 1308 ¹⁶·
790 1263 845 1334 De
856 1259 1032 1332 mandato
1049 1264 1199 1334 Domini
1212 1262 1360 1356 speciali
1374 1261 1446 1336 ivit
1464 1256 1611 1330 Samuel
1625 1282 1664 1329 m
1677 1257 1914 1353 Bethlehem,
1933 1275 1974 1336 et
1985 1272 2090 1342 unxit

742 1355 865 1427 David
886 1354 1008 1426 lilium
1026 1359 1099 1429 lsai
1117 1358 1156 1429 in
1177 1383 1299 1452 regem
1317 1381 1429 1452 super
1452 1355 1563 1424 Israel
1586 1361 1624 1423 et
1633 1351 1857 1462 ierusalem.

545 1475 570 1510 2·
582 1459 646 1524 mg.
665 1469 690 1504 ²·
793 1456 942 1521 Mortuo
958 1464 1081 1523 autem
1095 1452 1220 1543 Saule,
1236 1463 1425 1526 venerunt
1440 1449 1515 1523 viri
1532 1448 1578 1519 de
1593 1447 1697 1519 tnbu
1713 1449 1735 1518 J
1737 1447 1827 1537 uda,
1843 1461 1880 1522 et
1898 1475 2088 1531 unxerunt

549 1573 576 1605 π.
589 1559 652 1618 Res·
667 1553 691 1602 ⁵·
746 1545 870 1616 David
889 1569 1000 1637 super
1011 1572 1049 1616 sc
1060 1547 1101 1617 in
1121 1572 1254 1640 regem.
1276 1546 1418 1618 Deinde
1437 1545 1624 1616 universae
1643 1543 1764 1614 tribus
1779 1545 1892 1617 lsrael
1909 1569 2088 1625 venerunt

548 1641 591 1692 1²³·
611 1656 652 1706 77·
748 1638 794 1710 ad
813 1663 920 1724 eum,
938 1649 1122 1711 etunctus
1134 1653 1189 1712 est
1205 1643 1244 1711 in
1256 1663 1380 1734 regem
1395 1663 1506 1731 super
1520 1649 1642 1708 totum
1653 1637 1833 1731 populum
1845 1642 1964 1714 Israel.
1983 1647 2091 1720 Unde

551 1741 576 1776 ²
595 1725 654 1774 ΡΠ·
670 1723 712 1773 ²⁸·
748 1735 825 1827 ipse
842 1731 931 1802 dicit
947 1733 989 1803 in
1002 1733 1158 1804 Psalmis
1178 1758 1185 1802 :
1207 1735 1326 1828 Elegit
1346 1731 1468 1805 David
1494 1755 1644 1804 servum
1669 1757 1790 1804 suum.
1815 1737 1863 1808 Et
1880 1738 1971 1810 alibi
1987 1765 1996 1806 ·.
2011 1741 2090 1812 Pla-

751 1830 828 1899 cuit
840 1825 1018 1918 Domino,
1036 1839 1080 1898 ut
1092 1853 1151 1899 me
1169 1828 1317 1922 eligeret
1328 1852 1368 1902 re
1391 1851 1451 1898 em
1467 1850 1577 1920 super
1590 1825 1768 1900 cunctum
1782 1831 1960 1926 populum
1975 1837 2086 1908 Isra'e'l.

551 1941 662 1996 Eodem.
798 1922 1118 2016 Appi-opinquans¹
1132 1925 1245 1996 morti
1263 1853 1402 2014 David,
1427 1919 1528 1994 dixit
1543 1921 1748 2016 majoribus
1768 1924 1901 1996 lsrael:
1923 1929 1983 2000 De
2011 1929 2087 2004 filiis

750 2015 843 2088 meis
864 2015 972 2108 elegit
995 2019 1179 2091 Dominus
1194 2017 1447 2110 Salomonem,
1468 2027 1513 2088 ut
1532 2015 1675 2098 sedetet
1701 2019 1744 2090 in
1766 2030 1875 2092 tione
1893 2026 1996 2116 regni
2018 2029 2090 2098 Do·

750 2110 846 2182 mini
869 2136 980 2205 super
1005 2113 1127 2186 Israel.

553 2225 579 2274 3.
599 2223 663 2287 seg.
675 2236 714 2270 u.
799 2205 833 2276 T
832 2206 1123 2303 ern'bilijudioio
1134 2207 1203 2280 Dei
1213 2221 1426 2304 assumptus
1440 2207 1513 2280 fuit
1521 2204 1788 2300 Jemboammt
1800 2223 1893 2283 esset
1906 2237 1976 2284 rex
1988 2239 2087 2310 super

757 2323 809 2370 ιο.
833 2301 953 2374 tribus
973 2303 1086 2373 lsrael
1106 2330 1113 2372 :
1141 2314 1320 2376 ettamen
1343 2304 1486 2376 occasio
1507 2300 1582 2374 fuit
1601 2304 1739 2400 populo
1757 2305 1946 2378 recedendi
1967 2335 1990 2378 a
2006 2312 2085 2383 Deo.

554 2405 580 2471 l·
595 2407 658 2474 seg.
677 2421 713 2456 ιο·
780 2441 785 2460 ι
800 2395 952 2491 Scripsit
969 2395 1068 2471 Jehu
1086 2397 1234 2488 literas,
1261 2412 1298 2470 et
1315 2400 1418 2481 misit
1444 2399 1486 2468 in
1509 2398 1709 2470 Samariam
1733 2398 1779 2470 ad
1796 2402 1979 2494 optimates
1995 2406 2088 2478 cisi-

751 2493 840 2562 tatis
864 2516 872 2558 z
891 2493 1024 2584 Eligite
1043 2493 1253 2580 meliorem,
1269 2504 1307 2559 et
1323 2515 1432 2579 eum,
1451 2491 1517 2583 qui
1534 2491 1641 2564 vobis
1662 2491 1842 2589 placuerit
1863 2495 1906 2568 de
1917 2494 2002 2568 filiis
2014 2500 2089 2571 Do-

754 2584 849 2652 mini
869 2585 1008 2668 vestn',
1030 2595 1066 2652 et
1084 2583 1210 2688 ponite
1232 2604 1319 2653 eum
1342 2607 1453 2677 super
1469 2582 1605 2658 solium
1631 2589 1746 2682 patn's
1773 2591 1854 2682 sui,
1876 2604 1914 2666 et
1939 2609 2087 2689 pugnate

754 2699 823 2766 pio
845 2673 956 2750 domo
984 2677 1136 2746 Domtni
1156 2676 1283 2748 vestri.
1314 2711 1318 2721 ·

560 2805 585 2842 ι.
605 2783 692 2837 uach.
710 2797 737 2849 9.
804 2767 1023 2864 Congregati
1046 2781 1134 2841 sunt
1150 2795 1278 2844 omnes
1296 2773 1406 2844 amici
1421 2772 1443 2843 J
1447 2773 1549 2866 udae,
1571 2786 1608 2847 et
1631 2775 1812 2852 dixerunt
1827 2781 2018 2856 Jonathae:
2034 2786 2085 2857 Ex

756 2887 833 2955 quo
849 2858 964 2935 frater
988 2876 1078 2936 tuus
1098 2863 1299 2938 defunctus
1315 2878 1393 2958 est,
1408 2872 1471 2942 vir
1489 2869 1619 2944 similis
1640 2875 1674 2945 ei
1696 2899 1773 2944 non
1796 2888 1872 2968 est,
1901 2881 1971 2974 qui
1996 2895 2085 2952 exeat

758 2968 887 3026 eontra
914 2957 1085 3029 inimicos
1116 2969 1273 3033 nostros.
1301 2961 1410 3034 Nunc
1436 2963 1562 3059 itaque
1582 2978 1620 3037 te
1644 2968 1836 3062 eligimus,
1865 2997 1946 3046 esse
1970 3003 2034 3070 pro
2055 3001 2085 3046 eo

758 3049 866 3120 nobis
887 3051 928 3121 in
949 3053 1154 3148 principem
1180 3066 1218 3126 'et
1239 3053 1394 3150 ducem,
1423 3057 1469 3130 ad
1489 3059 1702 3134 bellandum
1722 3063 1861 3138 bellum
1879 3081 2056 3142 nostrum.

807 3143 965 3220 Vooavit
989 3148 1173 3247 Dominus
1198 3149 1398 3248 discipulos
1420 3179 1529 3248 suos,
1553 3167 1590 3228 et
1618 3157 1726 3254 elegit
1754 3151 1952 3236 duodecim
1978 3191 2027 3238 ex
2045 3170 2086 3262 ip

759 3240 834 3330 sis,
856 3250 950 3336 quos
973 3255 1011 3315 et
1029 3244 1222 3339 Apostolos
1248 3249 1469 3323 nominavit.

763 3381 766 3388 ,
805 3336 895 3410 Post
920 3338 1172 3412 ascensionem
1196 3341 1371 3433 Domini,
1399 3343 1571 3439 discipuli
1599 3359 1814 3424 statuerunt
1830 3351 1945 3446 duos,
1962 3357 2088 3428 scilicet

758 3429 896 3526 Joseph
919 3443 955 3504 et
972 3431 1173 3528 Mathiam,
1196 3447 1233 3507 et
1254 3449 1402 3511 orantes
1425 3436 1626 3515 dixerunt:
1641 3443 1700 3515 Tu
1721 3445 1903 3540 Domine,
1925 3451 1989 3544 qui
2001 3451 2089 3524 nost

758 3525 869 3597 corda
888 3529 1079 3621 omnium,
1105 3529 1280 3624 ostende,
1299 3557 1411 3698 ‘luem
1438 3533 1610 3630 elegeris,
1639 3563 1689 3610 ex
1718 3537 1779 3612 his
1800 3539 1950 3617 duobus
1967 3571 2089 3620 unum.

758 3621 922 3716 accipere
940 3623 1064 3696 locum
1086 3624 1285 3699 ministerii
1337 3630 1424 3724 ujus
1451 3641 1489 3700 et
1510 3629 1541 3699 A
1569 3631 1758 3706 ostolatds.

562 3739 653 3793 Actor.
679 3739 704 3790 o.
807 3717 955 3809 Sermo,
1001 3744 1087 3792 uem
1110 3717 1290 3792 dixerunt
1312 3724 1495 3816 Apostoli,
1578 3727 1656 3799 cuit
1673 3732 1778 3802 omni
1795 3730 2046 3827 multitudini,
2064 3746 2091 3804 et

759 3808 949 3971 erlleglerunt
974 3745 1203 3907 §tephanum
1229 3816 1357 3890 virum
1379 3818 1532 3912 plenum
1555 3819 1627 3892 fide
1654 3835 1691 3893 et
1719 3825 2047 3926 Spiritusanscto,
2069 3841 2093 3900 et

847 3928 859 3971 1
910 3929 975 3979 um
1035 3919 1103 3978 etc.

564 4010 653 4064 seur.
668 4009 711 4060 13.
810 3928 1107 4073 Midistrasitibus
1138 4000 1329 4098 discipulis
1352 4007 1513 4082 Domino
1540 4020 1577 4080 et
1604 4012 1860 4107 jejunantibus
1876 4072 1888 4110 ,
1902 4011 2025 4098 'dixit
2041 4018 2096 4092 illis

762 4089 919 4254 Spiritus
937 4097 1093 4167 Sanctus
1114 4119 1121 4161 :
1146 4097 1334 4195 segregate
1356 4099 1452 4177 mihi
1466 4102 1626 4180 Paulum
1642 4119 1679 4180 et
1696 4107 1905 4188 Barnabam
1927 4117 1976 4190 iu
2002 4139 2100 4213 opus,

763 4208 783 4253 a
830 4185 930 4280 quod
958 4188 1142 4286 assumpsi
1164 4213 1235 4264 eos.

1924 4307 1950 4370 a
1979 4302 2125 4396 nsu-
