4310 5472
243 355 504 446 TITULUS
553 355 646 445 LX.
691 361 916 450 Gratitudo
957 383 1056 482 erga
1096 359 1257 448 Deum.
1342 381 1424 473 '107'

119 586 311 672 Salomon,
337 578 461 651 oblata
480 580 591 653 sibia
612 581 691 655 Deo
713 583 862 678 optione
885 582 1026 678 aliquid
1046 583 1213 679 petendi,
1228 608 1307 654 non
1353 583 1420 654 etit
1439 601 1465 652 3.
1482 601 1544 668 neg.
1559 603 1584 650 s.

55 679 226 772 gloriam
249 701 372 749 coram
392 675 557 768 mundo,
580 675 643 749 sed
662 678 889 774 sapientiam.
909 681 958 751 Et
981 679 1029 750 ob
1052 679 1125 752 hoo
1149 681 1274 776 ipsum
1296 609 1421 750 addita

53 773 123 844 illi
156 773 231 846 fuit
258 774 389 866 ingens
415 768 479 841 illa
500 771 625 864 gloria.
1559 843 1570 860 ,,

116 867 255 942 Judith
287 866 413 938 omnia
445 889 536 938 vasa
568 866 698 938 bellica
729 868 939 944 Holotemis
977 870 1113 944 obtulit
1145 872 1188 943 in
1224 869 1620 942 anathematisamus.

57 961 274 1036 oblivionis
286 1016 305 1052 „
329 972 373 1032 ut
404 958 579 1031 videlicet
612 961 891 1037 oblivisceretur
922 966 1107 1062 praeclaree
1134 965 1302 1038 victorius
1328 989 1351 1036 a
1383 989 1420 1035 se
1526 1031 1528 1038 ,

57 1081 110 1128 re
140 1069 288 1146 ortatae,
318 1067 364 1125 et.
384 1051 528 1124 nullam
550 1052 638 1124 inde
659 1070 804 1148 caperet
823 1083 961 1132 vanam
987 1061 1150 1154 gloriam.
1527 1101 1531 1108 ·

157 1149 467 1222 abuchodonosor
491 1145 591 1219 vanai
612 1147 727 1240 glorisl
748 1163 899 1223 tumens
923 1155 975 1224 ait
988 1167 1001 1220 ¹:
1023 1152 1155 1224 Nonne
1173 1152 1255 1223 haec
1280 1164 1336 1225 est
1352 1153 1425 1224 Ba·
1442 1177 1510 1226 nnn.
1530 1173 1556 1238 4.
1578 1174 1620 1224 so.

56 1244 195 1340 bylon
224 1267 379 1336 magna,
406 1265 519 1338 quam
539 1265 605 1336 ego
631 1241 813 1317 edificavi
840 1245 882 1317 in
909 1246 1040 1318 robore
1062 1243 1293 1316 fortitudinis
1316 1269 1426 1336 meae,

62 1352 112 1410 et
139 1339 180 1408 in
208 1337 326 1432 gloria
350 1335 491 1408 decoris
520 1335 618 1410 mei?
645 1337 814 1433 Cumque
844 1365 971 1412 ¹sermo
1004 1339 1128 1412 adhuc
1159 1351 1254 1412 esset
1289 1340 1331 1410 in
1363 1363 1427 1410 ore
1551 1363 1554 1370 ·

64 1432 204 1526 Regis,
227 1458 307 1504 vox
330 1431 375 1502 de
408 1429 501 1502 coelo
526 1431 629 1502 ruit:
649 1457 806 1528 regnum
837 1446 948 1508 tuum
982 1435 1155 1508 transibit
1188 1435 1211 1503 a
1243 1445 1281 1505 te
1310 1445 1347 1506 et
1380 1433 1427 1504 ab

64 1525 293 1597 hominibus
316 1527 465 1620 ejicient
483 1537 538 1616 te,
562 1537 629 1596 eto.

123 1621 225 1709 Quid
247 1619 420 1712 Christus
440 1621 624 1694 Dominus
646 1621 798 1713 fecerit,
813 1624 891 1695 suis
905 1623 979 1696 illis
994 1624 1119 1698 verbis
1135 1623 1424 1696 demonstravit:
1445 1647 1520 1698 som.
1539 1645 1565 1697 8.
1579 1644 1621 1698 ευ.

64 1717 151 1810 Ego
175 1728 301 1789 autem
326 1739 404 1786 non
426 1739 554 1810 quaero
581 1715 734 1810 gloriam
756 1743 887 1790 meam.
1566 1745 1569 1754 ‘

119 1812 162 1881 B.
184 1809 230 1880 V.
258 1809 395 1900 Maria,
413 1835 501 1880 oum
528 1835 551 1880 a
575 1825 703 1884 sancta
723 1811 915 1885 Elisabeth
943 1812 1180 1904 laudaretur,
1201 1814 1326 1887 statim
1352 1837 1427 1885 om·
1444 1832 1508 1884 Luc.
1532 1848 1553 1882 1·
1632 1901 1636 1909 Α

68 1929 161 1974 nem
184 1903 336 1997 gloriam
364 1903 493 1976 retulit
507 1906 550 1975 in
573 1907 712 1996 Deum,
733 1905 824 1978 dum
846 1907 1189 2002 diriumagnificat
1207 1909 1332 1980 anima
1346 1933 1429 1980 mea

71 1997 291 2070 Dominum.
319 1999 424 2106 'Quia
449 1999 615 2094 respexit
641 1999 895 2072 humilitatem
920 2003 1062 2074 ancinae
1091 2028 1179 2076 suae.
1198 2003 1301 2075 Fecit
1331 2001 1427 2074 mihi

74 2114 238 2184 magna,
264 2117 330 2184 qui
352 2105 481 2184 potens
504 2103 570 2164 est.

128 2185 369 2276 Septuaginta
396 2184 471 2253 duo
492 2185 665 2276 discipuli
688 2187 956 2282 gloriabantur,
984 2189 1084 2284 quod
1106 2191 1292 2262 daemones
1314 2189 1430 2260 habe-
1447 2205 1510 2257 Luc.
1534 2219 1562 2254 ιο
1587 2221 1624 2269 ¹7·

78 2287 164 2348 rent
188 2275 385 2370 subjectos.
407 2274 477 2346 sed
502 2273 690 2368 redarguit
712 2301 775 2346 eos
792 2279 963 2348 Christus
978 2285 1149 2373 exemplo
1164 2282 1349 2374 Luciferi,
1364 2284 1431 2376 qui

77 2372 125 2442 ob
152 2394 290 2443 vanam
312 2369 466 2462 gloriam
495 2395 516 2439 e
545 2368 638 2440 caelo
664 2368 806 2440 cecidit.

124 2466 158 2536 S.
178 2466 331 2554 Petrus,
346 2487 433 2534 cum
454 2461 622 2534 sanasset
636 2462 827 2552 claudum,
843 2464 1016 2557 plausum
1029 2465 1099 2538 sibi
1114 2492 1135 2536 a
1153 2466 1291 2562 populo
1300 2465 1432 2538 datum
1448 2485 1539 2536 Actor.
1557 2486 1582 2536 3.

80 2560 257 2653 repressit
279 2557 340 2630 his
361 2557 515 2634 verbis:
539 2555 640 2645 Quid
671 2556 861 2628 miramini
887 2559 928 2628 in
954 2558 1047 2648 boc,
1074 2575 1139 2632 aut
1160 2586 1229 2630 nos
1256 2560 1347 2655 quid
1372 2565 1433 2632 in-

77 2655 258 2820 ppemim,
277 2655 384 2747 quasi
398 2652 527 2725 nostrl
549 2652 690 2726 virtute
707 2674 749 2722 ac
767 2662 947 2747 potestate
960 2651 1158 2726 fecerimus
1173 2653 1278 2726 huno
1300 2653 1433 2727 ambu-

114 2774 182 2820 re.
213 2761 280 2821 etc.

127 2844 161 2914 S.
173 2843 312 2916 Paulus
328 2868 478 2916 omnem
497 2843 651 2938 gloriam
671 2842 809 2936 copiosi
828 2843 887 2916 sui
903 2843 1039 2918 laboris
1057 2845 1135 2916 Deo
1153 2843 1222 2916 soli
1237 2843 1431 2937 adscribit,
1448 2857 1625 2914 scotatio.

79 2939 132 3010 ait
157 2940 258 3010 enim
276 2964 283 3007 z
301 2938 566 3012 Abundantius
592 2939 666 3012 illis
693 2938 868 3012 omnibus
894 2936 1080 3016 laboravi:
1097 2937 1267 3034 Non'ego
1284 2952 1432 3034 autem,

81 3033 145 3104 sed
178 3035 294 3124 gratia
314 3034 384 3104 Dei
417 3057 575 3106 mecum.
1152 3109 1154 3116 ,

131 3125 165 3194 8.
186 3123 362 3210 loannes,
384 3125 476 3196 dum
496 3128 615 3199 mult'a
634 3125 745 3198 laude
765 3128 877 3222 digna
896 3129 941 3202 de
964 3157 1003 3203 se
1018 3142 1144 3200 narrat
1166 3130 1208 3200 in
1229 3129 1433 3225 Evangelio

85 3240 181 3304 suo,
209 3239 352 3306 semper
386 3217 432 3288 de
462 3243 500 3289 se
521 3219 691 3314 loquitur
712 3225 819 3314 quasi
853 3221 899 3292 de
926 3225 1035 3298 tertia
1059 3245 1217 3315 persona

134 3307 307 3380 Christus
332 3309 514 3382 Dominus
535 3313 683 3402 multis,
704 3338 798 3406 quos
820 3319 985 3410 sanavit,
1010 3315 1201 3412 pracepit,
1224 3320 1267 3384 ut
1291 3315 1434 3385 nemini

85 3406 274 3495 dicerent,
295 3411 332 3472 et
362 3401 584 3474 miraculum
605 3428 683 3476 non
712 3408 939 3500 evulgarent.

504 3575 881 3663 TITULUS
926 3581 1020 3663 LX.

486 3767 706 3857 Gratuudo
749 3805 846 3888 erga
887 3776 1039 3860 Deum.

89 3913 269 4076 Sollicite
293 3965 427 4076 gratias
450 3968 579 4077 agebat
606 3967 684 4078 Deo
705 3963 818 4046 Jacob
845 3971 971 4046 dicens
988 3997 995 4041 :
1015 3969 1190 4064 Domine,
1206 3969 1330 4058 minor
1347 3993 1431 4044 sum
1449 4013 1516 4066 cen.
1540 4017 1580 4067 3,

89 4074 233 4134 cunctis
263 4065 563 4136 miseratsombus
587 4074 674 4136 turs.
1045 4129 1052 4136 .
1420 4113 1423 4118 -

136 4155 266 4228 Voluit
292 4157 497 4250 Dominus,
512 4170 557 4231 ut
586 4157 756 4234 liberatio
783 4162 946 4236 filiorum
962 4161 1075 4235 lsrael
1095 4161 1141 4234 de
1156 4163 1316 4272 AEgypto
1330 4187 1432 4235 nun·
1449 4188 1533 4254 Esou.
1550 4200 1590 4251 ,3,
1615 4265 1618 4272 ¹

90 4275 203 4348 quam
216 4249 404 4328 excideret
418 4253 464 4330 ab
476 4277 605 4332 eorum
616 4258 891 4336 memoridAErit
900 4259 1007 4426 qgasi
1018 4259 1252 4358 signamus,
1265 4283 1306 4332 m
1316 4283 1432 4332 manu

267 4398 273 4409 ,
970 4373 992 4425 2
1168 4373 1175 4387 ⁸
