4502 5484
244 469 509 562 TITULUS
541 473 658 561 XIV.
689 475 863 562 Aetutia
900 499 944 563 et
973 471 1199 568 calliditas
1229 483 1356 572 mala.
1426 491 1480 574 25

170 694 460 794 superbissimus
479 696 615 788 Amen,
626 695 777 793 videns,
791 695 892 796 quod
910 700 1166 776 Mardochmus
1185 703 1310 799 ipsum
1327 703 1479 778 adorare
1499 717 1600 772 muer.
1618 721 1644 774 s.

128 793 290 886 nolebat,
317 794 509 866 occasione
533 795 615 891 ejus
638 795 756 872 suasit
779 797 858 893 regi
892 821 959 893 per
980 797 1196 892 mendacia,
1216 812 1261 874 ut
1285 813 1387 874 totus
1410 803 1480 876 Ju-

125 891 283 965 doeorum
309 889 470 985 populus
497 890 694 966 deleretur.
1516 969 1520 984 ,

166 987 261 1076 Quia
283 985 424 1062 Sathan
445 1013 525 1060 non
551 999 696 1097 poterat
715 1013 841 1062 coram
862 990 941 1062 Deo
963 991 1128 1064 virtutes
1153 993 1274 1066 sancti
1294 995 1366 1066 Job
1399 1021 1480 1069 om·
1498 1007 1559 1059 Job·
1580 1025 1602 1059 ι·

123 1083 206 1156 nino
228 1109 379 1176 negare,
405 1081 529 1158 voluit
554 1083 804 1158 intentionem
828 1089 911 1180 ejus
938 1086 1068 1158 callide
1091 1087 1314 1184 depravare,
1333 1091 1478 1166 dicens:

122 1176 297 1273 Nunquid
327 1178 471 1255 frustra
496 1178 568 1250 Job
591 1178 700 1253 timet
725 1180 898 1254 DEUMl
918 1178 1016 1253 Nota
1046 1181 1159 1254 etiam
1189 1184 1257 1254 ibi:
1280 1185 1480 1271 Quomodo

121 1299 192 1347 una
214 1275 274 1345 die
297 1272 467 1346 diabolus
489 1285 611 1350 totum
630 1273 665 1346 ei
680 1274 836 1350 abstuht
853 1287 889 1347 ct
904 1275 1019 1348 simul
1034 1278 1194 1348 nuncios
1215 1281 1348 1353 venire
1371 1280 1479 1374 fecit,

120 1383 161 1443 ut
189 1367 387 1465 multiplici
409 1367 535 1444 dolore
561 1395 628 1466 per
644 1370 918 1468 impatientiam
935 1369 1181 1468 frangeretur.

163 1465 352 1561 Principes
382 1479 419 1538 et
446 1467 608 1562 Satrapae
636 1468 743 1562 regui
763 1468 964 1542 Persarum
986 1479 1257 1564 procurarunt,
1278 1481 1322 1542 ut
1342 1469 1478 1546 Darius
1496 1489 1566 1542 nan.
1585 1489 1616 1542 a·

118 1571 292 1634 statueret
313 1562 524 1656 decretum,
551 1577 681 1638 contra
703 1563 805 1660 quod
827 1563 1020 1643 Danielem
1041 1565 1301 1660 cogitaverunt
1322 1569 1478 1641 omnino

116 1655 243 1734 debere
270 1656 413 1750 facere,
436 1671 480 1733 ut
502 1659 574 1736 hac
601 1671 680 1734 a'rte
705 1662 830 1757 ipsum
856 1673 1009 1756 possent
1030 1687 1053 1733 a
1073 1685 1159 1756 rege
1182 1673 1363 1736 avertere.

160 1755 261 1828 Duos
291 1754 396 1828 senes
419 1759 631 1855 presbyteri
645 1756 909 1852 ,detestandam
941 1757 1221 1834 adinvenerunt
1246 1760 1626 1854 nequitiam,uan.13.

115 1862 162 1961 utx
182 1865 344 2018 ‘possent
380 1854 590 1931 Susannam
620 1854 820 1952 decipere,
847 1867 884 1928 et
909 1868 1037 1952 postea
1066 1851 1176 1929 sede
1205 1879 1249 1927 ea
1276 1854 1478 1930 crudeliter

116 1970 181 2022 vin
207 1972 315 2024 reare.
747 2007 750 2014 ,

157 2043 295 2126 Plenus
325 2045 557 2140 malignitate
583 2047 752 2120 Alcimus
775 2047 928 2120 accessit
951 2045 998 2118 ad
1022 2044 1257 2119 Demetrium
1279 2071 1421 2143 regem,
1441 2059 1477 2121 et
1499 2083 1521 2115 ι.
1541 2064 1629 2114 naen.
1649 2083 1674 2134 7·
1785 2049 1789 2056 '

112 2141 299 2215 accusavit
328 2140 467 2214 iudam
500 2142 763 2216 Machabaeur'n
782 2144 825 2214 in
854 2140 996 2214 multis.
1022 2140 1183 2232 Deinde,
1207 2139 1250 2210 ut
1278 2155 1476 2233 narratur,
1497 2179 1522 2213 ι.
1543 2162 1630 2214 nach.
1648 2163 1675 2230 a.

113 2231 250 2334 obtulit
274 2233 353 2335 regi
386 2256 562 2334 coronam
594 2261 772 2322 auream,
800 2250 838 2308 et
864 2235 937 2306 alia
970 2235 1142 2339 quaedam
1180 2233 1297 2325 dona,
1323 2249 1360 2307 et
1394 2239 1477 2331 ipsit

112 2317 265 2416 quidem
295 2319 356 2394 dre
383 2319 497 2391 siluit.
520 2325 568 2393 Et
586 2333 715 2416 postea
739 2335 892 2393 tantum
926 2325 1033 2416 fecit,
1055 2342 1094 2394 et
1121 2327 1243 2412 dixit,
1271 2329 1372 2418 quod
1405 2356 1476 2400 rex

113 2439 306 2488 summurn
333 2413 561 2486 sacerdotem
596 2437 685 2484 eum
716 2415 925 2492 constituit.
1429 2479 1434 2486 ,

157 2509 271 2582 Jason
292 2509 396 2584 misit
416 2508 626 2582 Menelaum
650 2518 862 2603 portantem
888 2505 1088 2602 pecuniam
1108 2506 1296 2578 Antiocho
1319 2514 1412 2604 regi:
1433 2535 1475 2582 ac
1497 2511 1522 2568 2¹·
1542 2517 1629 2571 uach.
1648 2521 1675 2589 t·
1756 2558 1760 2564 -

107 2605 163 2681 illi
192 2605 383 2678 Menelaus
412 2603 697 2678 commendatus
730 2605 808 2700 regi
840 2604 883 2676 in
915 2600 1158 2694 semetipsum
1192 2603 1343 2675 retorsit
1371 2631 1476 2678 sum-

107 2729 214 2778 mum
240 2699 517 2794 Sacerdotium,
537 2725 752 2798 supponens
775 2699 905 2772 Jasoni
935 2696 1076 2770 talenta
1100 2698 1244 2791 argenti
1272 2709 1448 2773 trecenta.

154 2797 319 2874 Herodes
355 2797 451 2873 clam
477 2799 620 2874 vocatis
652 2796 768 2892 Magis
788 2796 989 2892 diligenter
1015 2792 1062 2864 ab
1086 2793 1140 2864 eis
1167 2792 1298 2867 didicit
1324 2806 1473 2894 tempus
1495 2803 1593 2856 Maru.
1611 2819 1638 2857 ²·
1679 2827 1683 2831 ·

106 2895 247 2988 stellae,
274 2919 359 2993 quae
382 2895 554 2993 apparuit
581 2897 654 2988 eis,
685 2903 722 2966 et
755 2895 910 2968 mittens
933 2915 995 2962 eos
1022 2890 1064 2961 in
1085 2887 1329 2982 Bethlehem,
1355 2892 1477 2967 dixit:

105 2993 162 3064 Ite
188 3005 226 3064 et
250 2993 477 3089 interrogate
500 2990 699 3104 diligenter
720 2991 767 3064 de
794 3015 922 3090 puero.
946 2986 1026 3060 Hoc
1047 3011 1139 3061 vero
1168 3011 1245 3088 qua
1266 2987 1477 3063 intentione
1510 3057 1514 3070 ,

107 3087 276 3181 diceret,
295 3091 468 3186 apparuit
488 3090 672 3162 occisione
700 3111 916 3187 puerorum.

153 3183 337 3256 Pharisaei
363 3184 533 3258 volentes
557 3209 687 3281 capere
712 3185 920 3258 Dominum
939 3181 981 3254 in
1005 3203 1198 3272 sermone,
1225 3179 1410 3253 miserunt
1430 3181 1478 3256 ad
1495 3199 1592 3253 narrt.
1611 3217 1654 3256 ιι.

101 3303 197 3352 eum
214 3275 417 3371 discipulos
432 3305 520 3352 suos
542 3304 629 3353 cum
652 3281 891 3371 Herodianis,
910 3277 1096 3352 dicentes:
1116 3276 1308 3373 Magister,
1324 3276 1477 3373 scimus,

101 3375 198 3474 quia
226 3396 348 3448 verax
380 3397 442 3462 es,
462 3373 550 3446 licet
571 3399 725 3448 censum
752 3377 840 3450 dare
869 3374 1028 3466 Caesari,
1051 3397 1099 3446 an
1126 3369 1234 3445 noni
1344 3374 1348 3384 '

154 3471 291 3544 Varios
311 3469 493 3541 circuitus
510 3465 681 3540 fecerunt
695 3471 893 3562 Pharisaei,
906 3483 958 3550 at
968 3468 1135 3541 facerent
1149 3465 1320 3538 confiteri
1337 3489 1478 3540 caecum
1495 3485 1572 3536 soen.
1596 3505 1624 3556 9.

100 3566 390 3656 illuminatum,
439 3561 516 3637 uod
543 3587 621 3634 non
645 3576 742 3636 esset
765 3565 1002 3636 illuminatus
1029 3587 1051 3632 a
1076 3560 1237 3630 Christo.
1301 3645 1303 3652 y

153 3661 350 3758 Principes
374 3660 396 3733 J
399 3589 593 3733 dileeorum
616 3657 833 3734 cusdotibus
861 3650 1052 3755 sepulchri
1071 3651 1255 3726 dederunt
1277 3653 1477 3748 pecuniam
1496 3669 1594 3723 Metu.
1614 3675 1656 3729 es.

105 3759 321 3856 copiosam,
349 3769 394 3831 ut
420 3757 609 3849 dicerent,
635 3756 765 3830 Jesum
796 3752 841 3827 de
873 3764 983 3828 nocte
1015 3749 1120 3823 furto
1147 3748 1336 3823 sublatum
1362 3775 1451 3823 esse.

156 3855 326 4021 Apanias
337 3909 348 3952 ,
372 3855 520 3930 conscia
543 3851 700 3952 Saphira
720 3875 842 3927 uxore
863 3869 931 3926 sua
942 3905 953 3946 ,
976 3845 1168 3922 fraudavit
1188 3845 1235 3919 de
1256 3845 1377 3946 pretio
1397 3848 1476 3944 agri
1494 3856 1554 3912 Aa.
1574 3861 1599 3917 t.

99 3973 184 4026 ven
214 3950 269 4024 iti.

156 4046 384 4123 Samaritani
404 4045 648 4122 attendebant
670 4046 717 4120 ad
736 4047 925 4122 Simonem
946 4067 1098 4140 magum
1109 4097 1120 4140 ,
1136 4067 1180 4116 eo
1201 4039 1304 4142 quod
1321 4041 1473 4138 magicis
1492 4053 1582 4108 Actor.
1601 4055 1628 4112 t.

99 4143 258 4216 artibus
290 4146 369 4218 suis
398 4145 519 4221 multo
551 4155 718 4242 tempore
744 4144 992 4220 dementasset
1018 4164 1092 4214 eos.
1594 4165 1598 4174 ·

154 4237 341 4316 Videntes
360 4241 384 4314 J
386 4242 483 4316 udaei
498 4240 600 4341 quod
615 4242 776 4318 verbum
792 4239 950 4342 Domini,
961 4234 1275 4311 disseminabatur
1289 4259 1355 4331 per
1374 4233 1474 4306 Peu—
1491 4242 1552 4297 Act·
1573 4245 1603 4299 ιδ

96 4331 192 4412 lum
217 4347 256 4418 et
277 4337 511 4442 semitam,
533 4339 818 4424 concitaverunt
838 4337 1027 4440 religiosas
1046 4332 1222 4410 mulieres
1244 4343 1281 4426 et
1298 4329 1473 4411 honestas

1053 4453 1083 4526 D
