4502 5484
835 279 889 364 62
920 275 1036 363 TIT.
1057 268 1258 358 XXXIV.
1283 229 1607 382 Contemplatio
1633 286 1677 350 et
1692 263 1927 353 Illustratio
1949 266 2135 356 mentis.
2220 199 2235 210 ·

1258 604 1520 697 uentus
1554 603 1754 690 mnnv.
1850 569 1867 726 ᾗ

1091 802 1391 914 Contemplatio
1436 819 1476 882 et
1511 796 1738 882 illustratio
1776 798 1936 896 mentis.
1977 815 1982 820 ’
2045 839 2049 846 ·

623 1011 715 1076 ω.
730 1022 768 1058 ια.
781 1005 820 1056 ιε.
838 935 1065 1100 Postquam
1087 991 1208 1064 exivit
1238 981 1425 1061 Abraham
1450 986 1497 1060 de
1519 987 1601 1058 Hur
1626 983 1898 1074 Chaldaeorum,
1922 981 2052 1091 crebro
2073 1011 2187 1088 appa.-

647 1077 688 1146 ¹⁵:
714 1082 742 1128 ⁶²
765 1073 803 1125 ¹⁸·
837 1086 916 1157 ruit
942 1110 976 1156 er
993 1081 1193 1174 Dominus,
1216 1095 1253 1155 et
1276 1109 1361 1154 eum
1384 1083 1542 1156 diversis
1564 1079 1852 1152 revelationibus
1877 1079 2058 1153 vistavit.

644 1199 713 1251 cen.
735 1195 773 1246 rt.
884 1179 1065 1274 Apparuit
1097 1178 1280 1250 Dominus
1312 1175 1471 1249 Abrahae
1495 1177 1536 1248 in
1558 1173 1726 1246 convalle
1755 1172 1933 1261 Mambre,
1969 1173 2117 1252 sedenti
2142 1181 2178 1255 iu

838 1275 934 1345 ostio
954 1272 1185 1346 tabernaculi
1208 1273 1268 1346 sui
1287 1273 1329 1344 in
1350 1273 1431 1380 ipso
1457 1269 1605 1344 fervore
1627 1265 1701 1341 diei
1722 1279 1791 1339 etc.
1814 1266 1953 1338 Totum
1971 1279 2095 1362 potest
2117 1300 2179 1349 ex-

837 1368 941 1462 poni.
956 1367 1001 1437 de
1024 1368 1108 1440 viro
1137 1365 1434 1460 contemplativo.

645 1483 714 1535 cen.
737 1479 780 1544 24.
887 1461 1085 1623 limitabat
1108 1463 1210 1530 Isaac
1234 1461 1278 1530 in
1298 1471 1397 1530 terra
1417 1457 1590 1550 australi,
1608 1468 1645 1528 et
1662 1479 1829 1552 egressus
1850 1451 1974 1528 fuerat
1999 1457 2046 1530 ad
2068 1463 2178 1538 medi-

841 1564 904 1624 tan
932 1555 997 1624 uni
1025 1554 1067 1624 in
1092 1579 1115 1624 a
1137 1578 1189 1624 ro.
1417 1568 1423 1580 '

633 1666 716 1717 cen.
737 1661 781 1714 πε.
889 1646 1025 1719 Factus
1047 1578 1231 1717 esthsau
1247 1645 1310 1718 vir
1337 1669 1473 1738 gnarus
1489 1642 1670 1734 venandi,
1692 1656 1729 1716 et
1750 1643 1865 1716 homo
1886 1645 2178 1740 agricola,Jacob

846 1751 971 1812 autem
995 1743 1057 1813 vir
1079 1739 1238 1834 simplex
1259 1739 1449 1811 habitabat
1478 1741 1518 1811 in
1544 1739 1801 1811 tabernaculis.

565 1829 568 1834 ’
649 1848 718 1903 Gen.
743 1845 786 1897 oe.
893 1836 1072 1932 Egressus
1093 1835 1206 1906 Jacob
1235 1834 1281 1906 de
1310 1833 1505 1927 Bersabee,
1526 1834 1697 1929 pergebat
1718 1833 1867 1925 Haran,
1887 1857 2042 1998 cumgue
2067 1840 2183 1914 vellet

846 1925 1074 2024 inqt'rodam
1096 1929 1178 2002 loco
1199 1930 1426 2024 requiescere
1444 1941 1527 2025 post
1551 1929 1637 2000 solis
1660 1952 1848 2018 omasum,
1873 1929 1958 2000 tulit
1999 1955 2018 1998 e
2040 1929 2182 2024 lapidi-

845 2024 920 2116 bis,
948 2026 1024 2119 qui,
1039 2025 1223 2119 jacebant,
1252 2036 1289 2095 et
1311 2048 1522 2118 supponens
1550 2023 1662 2118 capiti
1688 2045 1756 2094 suo
1774 2020 1956 2098 dormivit
1978 2022 2018 2093 in
2044 2023 2181 2101 eodem

846 2118 944 2211 loco,
970 2117 1140 2215 viditque
1163 2122 1203 2191 in
1230 2120 1370 2191 somnis
1403 2119 1538 2188 scalam
1571 2129 1739 2188 stantem.
1795 2157 1798 2166 .
1891 2191 1893 2196 ,

896 2213 991 2286 Cum
1013 2227 1159 2286 mature
1186 2215 1409 2286 surrexisset
1435 2212 1566 2302 Jacob,
1594 2211 1771 2284 transivit
1795 2209 1934 2284 vadum
1960 2211 2182 2306 Jaboc,t1·a-

844 2305 1040 2405 ductisque
1066 2310 1255 2399 omnibus,
1278 2332 1362 2401 quse
1384 2305 1492 2375 adse
1517 2305 1769 2397 pertinebant,
1798 2306 1974 2379 remansit
2001 2307 2121 2405 solus,
2148 2323 2182 2383 et

846 2428 929 2472 ecce
950 2407 1014 2474 vir
1036 2404 1249 2471 luctabatur
1276 2423 1361 2468 cum
1383 2421 1444 2486 ec,
1466 2409 1533 2467 etc.
1586 2417 1604 2450 ⁸
2139 2409 2145 2422 ·

606 2483 614 2500 ⁸
653 2505 739 2567 tant.
758 2514 783 2562 t.
896 2499 1044 2586 Moyses
1073 2493 1244 2590 pascebat
1270 2515 1359 2563 oves
1389 2491 1505 2562 soceri
1537 2492 1613 2581 sui,
1646 2517 1806 2590 cumque
1835 2495 2013 2568 minisset
2047 2523 2183 2595 gregem

848 2585 895 2654 ad
920 2586 1097 2654 interiora
1118 2583 1268 2674 deserti,
1289 2584 1394 2657 venit
1424 2584 1471 2656 ad
1500 2598 1665 2659 montem
1691 2591 1760 2662 Dei
1780 2591 1920 2683 Horeb,
1945 2597 2181 2692 apparuitque

776 2757 780 2764 ,
849 2679 885 2750 ei
912 2678 1095 2748 Dominus
1123 2681 1165 2748 in
1195 2678 1345 2749 flamma
1371 2681 1477 2773 ignis.

656 2791 805 2846 Exod.1a
896 2769 1038 2842 Videns
1064 2773 1166 2842 Jetro
1189 2777 1347 2868 Moysen
1373 2777 1593 2868 occupatum
1623 2776 1823 2870 judicando
1850 2781 2029 2876 populum
2058 2809 2182 2877 expec-

513 2909 516 2920 ·
650 2943 652 2948 .
717 2953 719 2958 ¹
848 2876 992 2938 tantem
1025 2863 1071 2934 ad
1100 2891 1306 2960 vesperam,
1341 2865 1450 2942 dixit¹
1475 2869 1524 2939 ei:
1565 2870 1685 2943 Stulto
1720 2873 1845 2947 labore
1880 2879 2116 2966 consumeris,
2146 2893 2184 2950 et

850 2959 1026 3057 populus,
1047 2961 1114 3068 qui
1139 2973 1262 3032 tecum
1285 2975 1356 3034 est:
1377 2977 1456 3036 esto
1480 2974 1524 3036 tu
1545 2965 1682 3060 populo
1709 2969 1750 3039 in
1772 2967 1847 3063 his,
1876 2995 1961 3066 quae
1987 2971 2034 3044 ad
2058 2972 2184 3044 Domi-

849 3079 943 3128 num
967 3066 1162 3148 pertinent.

571 3167 590 3214 .·
659 3156 744 3213 exod.
768 3177 808 3228 ις).
897 3148 1094 3221 Descendit
1119 3151 1302 3224 Dominus
1330 3162 1624 3248 supermontem
1648 3154 1766 3249 Sinai,
1795 3170 1832 3230 et
1855 3162 2007 3234 vocavit
2034 3165 2185 3260 Moysen

848 3246 891 3318 in
914 3245 1105 3316 cacumine
1134 3247 1240 3340 ejus:
1265 3247 1320 3319 ibi
1351 3247 1531 3320 revelavit
1561 3249 1595 3320 ei
1624 3250 1725 3321 Deus
1758 3249 1897 3347 judicia
1928 3267 1966 3326 et
1993 3269 2187 3353 praecepta,

850 3352 887 3412 et
923 3341 1174 3430 caeremonias,
1197 3365 1280 3436 quse
1307 3340 1487 3436 populum
1511 3341 1640 3415 docere
1669 3341 1833 3418 debebat.

657 3435 742 3490 Exod·
775 3437 817 3488 33·
897 3434 1135 3530 Loquebatur
1157 3426 1339 3509 Dominus
1361 3434 1406 3506 ad
1429 3441 1586 3532 Moysen
1610 3437 1703 3510 facie
1719 3431 1781 3510 'ad
1803 3441 1950 3533 faciem,
1977 3445 2077 3518 sicut
2105 3445 2188 3518 solet

693 3511 721 3554 ‘²
740 3503 783 3571 ⁸4⁸
848 3529 953 3626 loqui
977 3527 1090 3602 homo
1112 3529 1158 3601 ad
1184 3555 1347 3603 anticum
1383 3553 1504 3613 suurn.
1534 3531 1695 3626 Fuitque
1731 3539 1879 3634 Moyses
1916 3561 2004 3610 cum
2033 3541 2189 3613 Domino

849 3649 917 3716 per
943 3621 1186 3716 quadraginta
1211 3619 1307 3716 dies,
1328 3623 1557 3719 totidemque
1582 3637 1725 3722 noctes,
1749 3655 1883 3724 panem
1910 3657 1989 3706 non
2018 3635 2193 3726 comedit,

853 3727 890 3784 et
915 3739 1050 3806 aquam
1075 3741 1153 3786 non
1180 3717 1283 3788 bibit.

662 3813 742 3866 neus.
760 3812 801 3862 ³²·
901 3806 1009 3878 Dixit
1032 3803 1214 3884 Dominus
1230 3811 1276 3882 ad
1295 3817 1472 3909 Moysen:
1489 3812 1654 3886 Ascende
1672 3791 1718 3888 ad
1736 3831 1900 3892 montem
1914 3823 2050 3916 istum,
2066 3835 2104 3896 et
2116 3849 2196 3896 con-

854 3896 1032 3990 templare
1057 3899 1145 3970 inde
1171 3915 1325 3996 terram,
1345 3931 1457 4002 quam
1484 3905 1640 3980 daturus
1667 3937 1752 3984 sum
1782 3912 1870 3988 filiis
1897 3917 2029 3990 Israel.

638 4041 639 4044 ,
663 3999 691 4052 s·
715 3983 777 4052 ἣτε·
798 3984 823 4039 ³·
905 3991 1052 4159 Salmuel
1071 3993 1275 4072 dormiebat
1296 4001 1491 4099 intemplo
1511 4001 1679 4101 Domini,
1697 4018 1736 4080 et
1755 4013 1904 4088 vocavit
1924 4011 2118 4091 Dominus
2143 4016 2200 4087 Ss-

856 4109 943 4162 mue
959 4109 1027 4160 cm.
1086 4153 1088 4162 .
1711 4143 1712 4152 .
