4498 5462
130 341 136 358 1
286 397 548 492 TITULUS
579 397 774 538 LXXIX.
813 399 878 496 lra
910 402 1099 495 hominis
1136 408 1264 494 mala.
1374 416 1459 520 '147'

161 623 254 691 Cum
278 645 452 695 reversus
490 634 584 695 esset
617 623 881 717 Sennacherib,
905 623 1051 720 fugiens
1075 649 1097 695 a
1129 622 1258 697 Judaea
1292 622 1458 718 plagam,
1475 634 1543 692 Tob-
1563 651 1587 686 ι.

112 741 224 809 quam
250 727 380 786 contra
406 742 491 787 eum
514 717 649 791 faceret
661 722 761 793 Deus
782 733 933 818 propter
953 719 1221 817 blasphemiam
1243 739 1369 810 suam,
1383 718 1459 790 ira-

109 821 172 880 tus
203 809 340 882 multos
368 811 502 883 occidit
537 811 695 886 Judaeos.
1310 858 1316 873 .

159 905 276 975 Tobia
293 903 439 976 dicente
465 905 511 975 de
543 905 658 980 hoedo
687 909 835 982 halante
854 937 862 980 ε
881 911 1013 986 Videte
1036 937 1084 985 ne
1113 912 1280 986 furtivus
1297 914 1363 1002 sit,
1389 922 1456 983 etc.
1477 935 1543 986 roh.
1563 947 1591 1000 a.

111 1000 223 1072 Uxor
245 1001 327 1092 ejus
353 999 449 1069 irata
476 1002 666 1092 respondit
689 1029 696 1070 ι
725 1005 919 1078 Manifesta
940 1033 1039 1082 vana
1057 1006 1155 1079 facta
1170 1018 1225 1079 est
1248 1033 1329 1102 spes
1351 1019 1427 1078 tua.

159 1091 389 1163 Nunoiatum
410 1105 477 1200 ‘est
494 1093 710 1185 Holoferni,
734 1101 835 1206 quod
853 1101 921 1172 filii
947 1103 1060 1172 lsra'e'l
1079 1113 1328 1196 praepararent
1358 1126 1396 1172 se
1414 1098 1460 1168 ad
1479 1117 1571 1169 suctu
1593 1115 1618 1168 5.

111 1185 363 1292 resistendum
386 1210 442 1274 er,
465 1199 502 1258 et
517 1187 643 1262 furore
665 1193 777 1265 nimls
802 1197 945 1266 exarsit
965 1198 1006 1264 in
1025 1195 1256 1266 iracundiam
1278 1219 1460 1288 magnam.

162 1280 258 1348 Cum
281 1277 438 1350 dixisset
459 1279 618 1374 Achior,
637 1312 805 1383 magnam
830 1315 908 1362 esse
929 1280 1134 1385 potentiam
1146 1289 1214 1359 Dei
1232 1290 1360 1381 lsra'el,
1376 1287 1463 1361 irati
1480 1303 1591 1359 uidem.

113 1384 204 1452 sunt
225 1385 412 1481 magnates
428 1375 716 1482 Holosenris,‚et
734 1385 944 1476 cogitabant
963 1383 1171 1456 interficere
1192 1408 1289 1456 eum.

162 1469 256 1540 Cum
279 1465 442 1578 audisset
466 1473 608 1563 Aman,
626 1489 662 1548 et
684 1481 942 1574 experimento
962 1479 1171 1574 probasset,
1199 1479 1298 1571 quod
1317 1476 1463 1549 Mardo-
1480 1492 1574 1546 esther
1599 1491 1624 1540 ’a
1713 1557 1717 1564 Ι

112 1565 239 1636 chaeus
251 1584 327 1671 non
340 1563 411 1633 s1b1
422 1563 585 1639 flecteret
597 1585 734 1662 genua,
745 1599 815 1644 nec
827 1600 865 1660 se
877 1574 1064 1663 adoraret,
1076 1573 1194 1646 iratus
1206 1586 1261 1644 est
1272 1571 1381 1646 valde
1393 1583 1461 1642 etc.

159 1659 281 1730 Iratus
304 1655 595 1756 indignatusque
614 1677 670 1738 est
689 1668 776 1740 Eliu
794 1669 952 1742 Buxites
970 1666 1150 1740 adversus
1173 1667 1266 1760 Job,
1287 1692 1331 1739 eo
1361 1663 1463 1762 quod
1480 1681 1541 1732 σοι).
1566 1677 1608 1728 32.

108 1757 254 1852 justum
277 1777 314 1822 se
337 1777 415 1824 esse
442 1753 580 1828 diceret
603 1783 728 1833 coram
747 1765 919 1836 Domino.

161 1847 352 1940 Principes
375 1847 396 1914 J
400 1848 471 1917 uda
489 1862 681 1944 putantes,
704 1858 803 1949 quod
821 1858 998 1927 ieremias
1022 1856 1166 1950 fugeret
1182 1857 1227 1926 ad
1243 1857 1435 1928 Chaldaeos
1452 1911 1462 1948 ,
1480 1869 1577 1917 serem.
1601 1859 1643 1927 ³7·

109 1943 198 2018 irati
225 1951 313 2012 sunt
336 1951 465 2010 contra
486 1966 595 2034 eum,
613 1960 649 2017 et
677 1972 814 2020 caesum
830 1951 1015 2022 miserunt
1041 1951 1081 2020 in
1105 1971 1299 2020 carcerem.

162 2032 506 2106 Nabuchodonosor
526 2063 597 2108 rex
614 2039 873 2114 Chaldaeorum
894 2045 936 2113 in
961 2045 1017 2114 ira
1032 2067 1166 2136 magna
1189 2067 1256 2150 sua
1269 2043 1463 2137 praecepit,
1481 2053 1552 2100 nan.
1576 2059 1602 2094 ²·

112 2145 159 2204 ut
180 2130 344 2237 perirent
371 2153 499 2236 omnes
533 2134 715 2224 sapientes
744 2134 982 2244 Babyloniae,
1008 2162 1076 2231 pro
1106 2161 1150 2206 eo
1173 2135 1332 2228 scilicet,
1363 2133 1464 2230 quod

115 2245 306 2296 sommum
322 2245 435 2292 suum
462 2246 598 2294 ernon
624 2239 796 2316 poterant
821 2228 994 2296 indicare.

163 2317 267 2388 Idem
289 2317 401 2387 ctiam
422 2327 548 2408 postea
566 2319 608 2388 in
626 2317 754 2392 furore
768 2331 805 2390 et
820 2320 876 2390 ira
892 2313 1080 2415 praecepit,
1101 2332 1142 2392 ut
1159 2332 1233 2392 tres
1254 2323 1330 2392 viri
1347 2321 1468 2390 addu—
1485 2341 1555 2388 nan.
1577 2337 1604 2386 ³.

82 2415 88 2426 ’
113 2422 291 2483 cerentur
316 2411 357 2482 in
381 2424 582 2504 conspectu
605 2415 688 2506 ejus
715 2429 782 2486 etc.

162 2505 297 2600 Arguit
327 2501 510 2576 Dominus
534 2504 690 2596 Jonam,
738 2511 797 2580 uia
825 2511 1054 2580 irascebatur
1076 2532 1187 2602 super
1207 2507 1394 2580 hederam.
1486 2525 1569 2575 sons.
1592 2515 1618 2585 4.

163 2599 330 2672 Audiens
341 2597 550 2671 Antiochus
569 2601 695 2695 praelia
706 2535 812 2674 iude
828 2613 865 2673 et
880 2601 1092 2690 victoriam,
1107 2625 1221 2696 quam
1237 2602 1467 2692 obtinuerat,
1490 2639 1513 2670 ι.
1529 2619 1616 2670 uach.
1637 2619 1663 2670 3.

111 2697 232 2768 iratus
254 2707 309 2765 est
332 2701 474 2782 animo,
497 2708 535 2764 et
552 2698 789 2789 congregavit
819 2695 1036 2766 exercitum.

163 2790 336 2860 Tortores
354 2787 522 2858 Eleazan'
546 2787 738 2860 audientes
758 2790 874 2863 verba
893 2789 1111 2860 constantiae
1134 2790 1275 2884 ipsius,
1306 2789 1348 2860 in
1373 2790 1468 2862 iram
1485 2824 1510 2862 2.
1524 2805 1611 2860 uach.
1636 2809 1664 2860 6.

112 2885 215 2962 versi
242 2895 331 2955 sunt
343 2936 353 2970 ,
375 2882 442 2976 qui
460 2883 571 2974 paulo
600 2895 686 2952 ante
709 2883 860 2954 fuerant
885 2883 1060 2954 mitiores.
1471 2907 1474 2914 ·

166 2981 254 3064 Post
286 2977 432 3072 septimi
464 2973 589 3046 fratris
623 2974 760 3066 verba,
786 2999 857 3047 rex
881 2971 1090 3044 Antiochus
1125 2977 1614 3071 accensusirsi,in2.r1ut.
1639 3011 1663 3061 7·

116 3072 227 3144 illum
247 3095 357 3164 super
379 3095 506 3141 omnes
532 3069 696 3142 desaevit.

171 3161 311 3234 Videris
333 3163 559 3254 Antiochus,
589 3163 690 3260 quod
714 3189 792 3236 non
815 3175 958 3256 poterat
989 3161 1144 3254 spoliare
1161 3161 1393 3252 Pentapolim
1415 3168 1469 3230 ci·
1483 3205 1511 3236 ι.
1530 3191 1617 3240 meh.
1636 3205 1664 3254 9.
1719 3165 1722 3170 “

119 3261 301 3350 vitatem,
323 3258 439 3330 elatus
461 3261 502 3331 in
522 3263 634 3350 iram,
658 3257 908 3331 arbitrabatur
934 3283 972 3327 se
1002 3255 1182 3350 injuriam
1208 3252 1374 3342 illorum,
1402 3253 1469 3346 qui

118 3380 160 3430 se
186 3353 430 3449 fugaverant,
453 3355 619 3450 possein
643 3353 791 3446 ludaeos
820 3362 1044 3446 retonpuere.
1172 3391 1177 3408 ·
1461 3400 1465 3409 -
1646 3421 1648 3428 Α

168 3449 323 3522 Factum
345 3463 417 3541 est,
440 3463 484 3522 ut
505 3450 677 3522 audirent
691 3460 831 3544 gentes,
854 3444 955 3538 quod
972 3443 1197 3513 aedificatum
1219 3451 1275 3510 est
1296 3439 1409 3509 altare
1426 3439 1469 3510 in
1490 3474 1513 3511 ι.
1532 3462 1619 3512 uach.
1638 3460 1664 3514 5.

123 3545 400 3633 sanctuarium,
427 3547 523 3618 sicut
549 3545 672 3640 prius,
695 3555 731 3614 et
753 3543 857 3614 iratae
882 3551 971 3610 sunt
999 3535 1109 3612 valde
1132 3547 1200 3604 etc.

172 3635 336 3707 Herodes
357 3638 489 3711 ridens
505 3694 514 3730 ,
532 3637 633 3734 quod
653 3639 786 3711 illusus
805 3645 905 3722 ,esset
922 3630 1092 3724 allagis,
1120 3630 1238 3700 iratus
1261 3637 1317 3696 est
1338 3625 1470 3718 valde,
1487 3649 1584 3700 ustas.
1606 3666 1630 3700 η.

124 3739 162 3799 et
190 3729 364 3822 mittens,
392 3734 523 3805 occidit
550 3759 678 3804 omnes
707 3755 840 3827 pueros
863 3739 935 3800 etc.

174 3821 269 3892 Cum
299 3825 489 3899 audissent
515 3827 570 3901 illi
597 3825 642 3899 de
669 3823 852 3898 Nazareth
873 3821 1077 3894 Dominirm
1108 3819 1325 3890 dicentem:
1353 3815 1469 3889 Nemo
1487 3840 1549 3892 Luc.
1575 3839 1601 3908 4.

122 3914 305 4011 propheta
328 3934 498 4018 acceptus
526 3933 582 3993 est
607 3923 648 3995 in
678 3922 796 4019 patria
821 3943 889 3992 sua
912 3929 981 3990 etc.
1012 3914 1188 4011 Sequitur
1214 3937 1228 3998 :¹
1258 3911 1318 3983 irai
1340 3911 1469 4008 repleti

123 4021 216 4080 sunt
240 4015 365 4085 ornnes
391 4017 433 4088 in
462 4045 478 4088 s
510 4037 686 4112 nagogaa

173 4105 385 4180 Demetrius
405 4113 472 4219 qui
499 4137 560 4182 am
585 4113 830 4207 argentarius,
852 4109 990 4182 faciens
1008 4107 1104 4179 aedes
1122 4114 1310 4210 argenteas
1327 4101 1470 4192 Dianae,
1487 4125 1577 4178 Actor.
1598 4142 1639 4192 aa

124 4201 343 4281 convocatis
364 4205 558 4302 opfficibus
584 4205 804 4282 illius-artis
814 4259 826 4302 ,
846 4205 944 4371 dixpt
963 4229 970 4272 :
990 4203 1088 4295 Quia
1115 4198 1253 4276 Pauus
1281 4194 1470 4276 avertebat

955 4321 977 4370 2
1386 4333 1391 4342 ,
