<?xml version="1.0" encoding="UTF-8"?>
<!DOCTYPE html PUBLIC "-//W3C//DTD XHTML 1.0 Transitional//EN"
    "http://www.w3.org/TR/xhtml1/DTD/xhtml1-transitional.dtd">
<html xmlns="http://www.w3.org/1999/xhtml" xml:lang="en" lang="en">
 <head>
  <title>
</title>
<meta http-equiv="Content-Type" content="text/html;charset=utf-8" />
  <meta name='ocr-system' content='tesseract 3.04.00' />
  <meta name='ocr-capabilities' content='ocr_page ocr_carea ocr_par ocr_line ocrx_word'/>
</head>
<body>
  <div class='ocr_page' id='page_1' title='image "./exemplabiblicai00hanagoog_0166.png"; bbox 0 0 4498 5462; ppageno 0'>
   <div class='ocr_carea' id='block_1_1' title="bbox 203 335 1483 522">
    <p class='ocr_par' dir='ltr' id='par_1_1' title="bbox 203 335 1483 522">
     <span class='ocr_line' id='line_1_1' title="bbox 203 335 1483 522; baseline -0.009 -37"><span class='ocrx_word' id='word_1_1' title='bbox 203 335 205 339; x_wconf 55' lang='lat'>&#39;</span> <span class='ocrx_word' id='word_1_2' title='bbox 285 394 546 484; x_wconf 86' lang='lat' dir='ltr'>TITULUS</span> <span class='ocrx_word' id='word_1_3' title='bbox 575 391 772 479; x_wconf 84' lang='lat' dir='ltr'>LXXXI.</span> <span class='ocrx_word' id='word_1_4' title='bbox 811 393 983 477; x_wconf 88' lang='lat' dir='ltr'><strong>Judicia</strong></span> <span class='ocrx_word' id='word_1_5' title='bbox 1007 391 1095 476; x_wconf 86' lang='lat' dir='ltr'><strong>Dei</strong></span> <span class='ocrx_word' id='word_1_6' title='bbox 1128 385 1329 504; x_wconf 31' lang='lat' dir='ltr'><strong>occulta..</strong></span> <span class='ocrx_word' id='word_1_7' title='bbox 1384 392 1483 522; x_wconf 26' lang='lat'><strong>151·</strong></span> 
     </span>
    </p>
   </div>
   <div class='ocr_carea' id='block_1_2' title="bbox 1273 526 1454 544">
    <p class='ocr_par' dir='ltr' id='par_1_2' title="bbox 1273 526 1454 544">
     <span class='ocr_line' id='line_1_2' title="bbox 1273 526 1454 544; baseline -0.022 0"><span class='ocrx_word' id='word_1_8' title='bbox 1273 526 1454 544; x_wconf 60' lang='grc' dir='ltr'><strong><em>Μ</em></strong></span> 
     </span>
    </p>
   </div>
   <div class='ocr_carea' id='block_1_3' title="bbox 90 617 1709 4278">
    <p class='ocr_par' dir='ltr' id='par_1_3' title="bbox 111 617 1644 881">
     <span class='ocr_line' id='line_1_3' title="bbox 162 617 1644 728; baseline 0 -38"><span class='ocrx_word' id='word_1_9' title='bbox 162 621 348 714; x_wconf 88' lang='lat' dir='ltr'><strong>Praecepto</strong></span> <span class='ocrx_word' id='word_1_10' title='bbox 377 620 528 692; x_wconf 86' lang='lat' dir='ltr'>Domini</span> <span class='ocrx_word' id='word_1_11' title='bbox 557 644 623 728; x_wconf 88' lang='lat' dir='ltr'><strong>per</strong></span> <span class='ocrx_word' id='word_1_12' title='bbox 648 619 781 690; x_wconf 88' lang='lat' dir='ltr'><strong>Isaiam</strong></span> <span class='ocrx_word' id='word_1_13' title='bbox 806 617 1025 714; x_wconf 89' lang='lat' dir='ltr'><strong>prophetam</strong></span> <span class='ocrx_word' id='word_1_14' title='bbox 1051 617 1247 714; x_wconf 75' lang='lat' dir='ltr'><strong>praelectus</strong></span> <span class='ocrx_word' id='word_1_15' title='bbox 1275 629 1330 688; x_wconf 91' lang='lat' dir='ltr'><strong>est</strong></span> <span class='ocrx_word' id='word_1_16' title='bbox 1355 617 1460 688; x_wconf 86' lang='lat' dir='ltr'><strong>Jero-</strong></span> <span class='ocrx_word' id='word_1_17' title='bbox 1479 643 1503 695; x_wconf 77' lang='lat'><strong>3.</strong></span> <span class='ocrx_word' id='word_1_18' title='bbox 1522 643 1584 712; x_wconf 68' lang='lat' dir='ltr'><strong>aeg.</strong></span> <span class='ocrx_word' id='word_1_19' title='bbox 1601 657 1644 698; x_wconf 78' lang='lat' dir='ltr'><strong>n·</strong></span> 
     </span>
     <span class='ocr_line' id='line_1_4' title="bbox 117 712 1459 810; baseline -0.002 -26"><span class='ocrx_word' id='word_1_20' title='bbox 117 715 219 784; x_wconf 83' lang='lat' dir='ltr'>boam</span> <span class='ocrx_word' id='word_1_21' title='bbox 244 713 504 808; x_wconf 62' lang='lat' dir='ltr'><strong>superdeum</strong></span> <span class='ocrx_word' id='word_1_22' title='bbox 520 714 665 804; x_wconf 79' lang='lat' dir='ltr'><strong>tribus,</strong></span> <span class='ocrx_word' id='word_1_23' title='bbox 694 716 760 809; x_wconf 90' lang='lat' dir='ltr'><strong>qui</strong></span> <span class='ocrx_word' id='word_1_24' title='bbox 782 727 908 787; x_wconf 86' lang='lat' dir='ltr'><strong>tamen</strong></span> <span class='ocrx_word' id='word_1_25' title='bbox 933 712 1115 810; x_wconf 85' lang='lat' dir='ltr'><strong>populum</strong></span> <span class='ocrx_word' id='word_1_26' title='bbox 1140 713 1187 784; x_wconf 91' lang='lat' dir='ltr'><strong>ad</strong></span> <span class='ocrx_word' id='word_1_27' title='bbox 1212 712 1459 786; x_wconf 82' lang='lat' dir='ltr'><strong>idololatriam</strong></span> 
     </span>
     <span class='ocr_line' id='line_1_5' title="bbox 111 807 1530 881; baseline 0.001 -4"><span class='ocrx_word' id='word_1_28' title='bbox 111 807 291 879; x_wconf 79' lang='lat' dir='ltr'>malitiose</span> <span class='ocrx_word' id='word_1_29' title='bbox 313 808 478 880; x_wconf 83' lang='lat' dir='ltr'><strong>induxit.</strong></span> <span class='ocrx_word' id='word_1_30' title='bbox 593 841 596 849; x_wconf 60' lang='grc'>’</span> <span class='ocrx_word' id='word_1_31' title='bbox 1337 867 1344 881; x_wconf 72' lang='lat'>.</span> <span class='ocrx_word' id='word_1_32' title='bbox 1524 841 1530 848; x_wconf 88' lang='grc'>·</span> 
     </span>
    </p>

    <p class='ocr_par' dir='ltr' id='par_1_4' title="bbox 110 901 1635 1088">
     <span class='ocr_line' id='line_1_6' title="bbox 160 901 1635 997; baseline 0.001 -24"><span class='ocrx_word' id='word_1_33' title='bbox 160 901 303 974; x_wconf 90' lang='lat' dir='ltr'><strong>Occidit</strong></span> <span class='ocrx_word' id='word_1_34' title='bbox 321 901 380 974; x_wconf 89' lang='lat' dir='ltr'><strong>leo</strong></span> <span class='ocrx_word' id='word_1_35' title='bbox 401 903 530 974; x_wconf 83' lang='lat' dir='ltr'><strong>virum</strong></span> <span class='ocrx_word' id='word_1_36' title='bbox 551 901 642 990; x_wconf 92' lang='lat' dir='ltr'><strong>Dei,</strong></span> <span class='ocrx_word' id='word_1_37' title='bbox 665 903 732 996; x_wconf 90' lang='lat' dir='ltr'><strong>qui</strong></span> <span class='ocrx_word' id='word_1_38' title='bbox 746 903 923 997; x_wconf 76' lang='lat' dir='ltr'><strong>praedixit</strong></span> <span class='ocrx_word' id='word_1_39' title='bbox 948 904 1143 976; x_wconf 89' lang='lat' dir='ltr'><strong>Jeroboam</strong></span> <span class='ocrx_word' id='word_1_40' title='bbox 1167 902 1457 980; x_wconf 78' lang='lat' dir='ltr'><strong>destructionem</strong></span> <span class='ocrx_word' id='word_1_41' title='bbox 1476 921 1501 972; x_wconf 82' lang='lat' dir='ltr'><strong>a.</strong></span> <span class='ocrx_word' id='word_1_42' title='bbox 1517 923 1580 992; x_wconf 72' lang='lat' dir='ltr'><strong>neg.</strong></span> <span class='ocrx_word' id='word_1_43' title='bbox 1595 925 1635 974; x_wconf 66' lang='lat' dir='ltr'><strong>aa.</strong></span> 
     </span>
     <span class='ocr_line' id='line_1_7' title="bbox 110 996 1159 1088; baseline 0.001 -20"><span class='ocrx_word' id='word_1_44' title='bbox 110 996 256 1086; x_wconf 82' lang='lat' dir='ltr'><strong>altaris,</strong></span> <span class='ocrx_word' id='word_1_45' title='bbox 284 1008 321 1068; x_wconf 89' lang='lat' dir='ltr'><strong>et</strong></span> <span class='ocrx_word' id='word_1_46' title='bbox 338 997 384 1065; x_wconf 89' lang='lat' dir='ltr'><strong>de</strong></span> <span class='ocrx_word' id='word_1_47' title='bbox 403 996 578 1066; x_wconf 91' lang='lat' dir='ltr'><strong>carnibus</strong></span> <span class='ocrx_word' id='word_1_48' title='bbox 598 996 718 1088; x_wconf 87' lang='lat' dir='ltr'><strong>ipsius</strong></span> <span class='ocrx_word' id='word_1_49' title='bbox 734 999 883 1068; x_wconf 83' lang='lat' dir='ltr'><strong>mortui¹</strong></span> <span class='ocrx_word' id='word_1_50' title='bbox 895 1024 973 1071; x_wconf 92' lang='lat' dir='ltr'><strong>non</strong></span> <span class='ocrx_word' id='word_1_51' title='bbox 991 999 1159 1071; x_wconf 88' lang='lat' dir='ltr'><strong>comedit.</strong></span> 
     </span>
    </p>

    <p class='ocr_par' dir='ltr' id='par_1_5' title="bbox 107 1088 1639 1376">
     <span class='ocr_line' id='line_1_8' title="bbox 158 1088 1639 1188; baseline -0.001 -28"><span class='ocrx_word' id='word_1_52' title='bbox 158 1091 253 1162; x_wconf 89' lang='lat' dir='ltr'><strong>Cum</strong></span> <span class='ocrx_word' id='word_1_53' title='bbox 276 1101 373 1160; x_wconf 88' lang='lat' dir='ltr'><strong>esset</strong></span> <span class='ocrx_word' id='word_1_54' title='bbox 398 1088 526 1158; x_wconf 80' lang='lat' dir='ltr'><strong>Achab</strong></span> <span class='ocrx_word' id='word_1_55' title='bbox 553 1088 878 1180; x_wconf 89' lang='lat' dir='ltr'><strong>sceleratissimus,</strong></span> <span class='ocrx_word' id='word_1_56' title='bbox 897 1106 934 1163; x_wconf 89' lang='lat' dir='ltr'><strong>et</strong></span> <span class='ocrx_word' id='word_1_57' title='bbox 955 1093 1099 1163; x_wconf 86' lang='lat' dir='ltr'><strong>audiret</strong></span> <span class='ocrx_word' id='word_1_58' title='bbox 1120 1117 1267 1186; x_wconf 88' lang='lat' dir='ltr'><strong>poenam</strong></span> <span class='ocrx_word' id='word_1_59' title='bbox 1299 1093 1368 1162; x_wconf 89' lang='lat' dir='ltr'><strong>sibi</strong></span> <span class='ocrx_word' id='word_1_60' title='bbox 1390 1114 1458 1182; x_wconf 90' lang='lat' dir='ltr'><strong>pro</strong></span> <span class='ocrx_word' id='word_1_61' title='bbox 1476 1119 1501 1168; x_wconf 79' lang='lat'><strong>3,</strong></span> <span class='ocrx_word' id='word_1_62' title='bbox 1516 1121 1579 1188; x_wconf 78' lang='lat' dir='ltr'><strong>neg.</strong></span> <span class='ocrx_word' id='word_1_63' title='bbox 1593 1139 1639 1176; x_wconf 54' lang='grc' dir='ltr'><strong>ῃ,</strong></span> 
     </span>
     <span class='ocr_line' id='line_1_9' title="bbox 108 1181 1457 1278; baseline 0.001 -26"><span class='ocrx_word' id='word_1_64' title='bbox 108 1183 330 1254; x_wconf 87' lang='lat' dir='ltr'><strong>criminibus</strong></span> <span class='ocrx_word' id='word_1_65' title='bbox 352 1181 614 1274; x_wconf 88' lang='lat' dir='ltr'><strong>infligendam,</strong></span> <span class='ocrx_word' id='word_1_66' title='bbox 639 1184 752 1278; x_wconf 91' lang='lat' dir='ltr'><strong>coepit</strong></span> <span class='ocrx_word' id='word_1_67' title='bbox 779 1187 946 1257; x_wconf 85' lang='lat' dir='ltr'><strong>exterius</strong></span> <span class='ocrx_word' id='word_1_68' title='bbox 971 1183 1185 1278; x_wconf 89' lang='lat' dir='ltr'><strong>humiliari,</strong></span> <span class='ocrx_word' id='word_1_69' title='bbox 1212 1198 1249 1258; x_wconf 91' lang='lat' dir='ltr'><strong>et</strong></span> <span class='ocrx_word' id='word_1_70' title='bbox 1273 1186 1457 1262; x_wconf 87' lang='lat' dir='ltr'><strong>Dominus</strong></span> 
     </span>
     <span class='ocr_line' id='line_1_10' title="bbox 107 1274 1593 1376; baseline 0.001 -28"><span class='ocrx_word' id='word_1_71' title='bbox 107 1299 258 1372; x_wconf 87' lang='lat' dir='ltr'><strong>poenam</strong></span> <span class='ocrx_word' id='word_1_72' title='bbox 285 1274 452 1370; x_wconf 86' lang='lat' dir='ltr'><strong>infligere</strong></span> <span class='ocrx_word' id='word_1_73' title='bbox 476 1278 699 1371; x_wconf 88' lang='lat' dir='ltr'><strong>prorogavit.</strong></span> <span class='ocrx_word' id='word_1_74' title='bbox 1243 1355 1247 1362; x_wconf 62' lang='grc'><strong>,</strong></span> <span class='ocrx_word' id='word_1_75' title='bbox 1568 1285 1593 1376; x_wconf 26' lang='grc' dir='ltr'><em>Ἰ</em></span> 
     </span>
    </p>

    <p class='ocr_par' dir='ltr' id='par_1_6' title="bbox 108 1368 1620 1563">
     <span class='ocr_line' id='line_1_11' title="bbox 157 1368 1620 1470; baseline 0.003 -30"><span class='ocrx_word' id='word_1_76' title='bbox 157 1370 336 1441; x_wconf 84' lang='lat' dir='ltr'><strong>Terribile</strong></span> <span class='ocrx_word' id='word_1_77' title='bbox 357 1369 453 1460; x_wconf 82' lang='lat' dir='ltr'><strong>tuit,</strong></span> <span class='ocrx_word' id='word_1_78' title='bbox 480 1371 580 1464; x_wconf 89' lang='lat' dir='ltr'><strong>quod</strong></span> <span class='ocrx_word' id='word_1_79' title='bbox 598 1373 693 1444; x_wconf 91' lang='lat' dir='ltr'><strong>duos</strong></span> <span class='ocrx_word' id='word_1_80' title='bbox 741 1373 899 1468; x_wconf 89' lang='lat' dir='ltr'><strong>rincipes</strong></span> <span class='ocrx_word' id='word_1_81' title='bbox 918 1375 1274 1470; x_wconf 83' lang='lat' dir='ltr'><strong>quinquagenarios,</strong></span> <span class='ocrx_word' id='word_1_82' title='bbox 1301 1368 1620 1465; x_wconf 72' lang='lat' dir='ltr'><strong>cum5o.4.nag.1.</strong></span> 
     </span>
     <span class='ocr_line' id='line_1_12' title="bbox 108 1463 1332 1563; baseline -0.002 -25"><span class='ocrx_word' id='word_1_83' title='bbox 108 1467 218 1553; x_wconf 83' lang='lat' dir='ltr'><strong>viris,</strong></span> <span class='ocrx_word' id='word_1_84' title='bbox 234 1463 321 1536; x_wconf 85' lang='lat' dir='ltr'><strong>fecit</strong></span> <span class='ocrx_word' id='word_1_85' title='bbox 340 1465 440 1536; x_wconf 89' lang='lat' dir='ltr'><strong>Elias</strong></span> <span class='ocrx_word' id='word_1_86' title='bbox 462 1467 547 1558; x_wconf 90' lang='lat' dir='ltr'><strong>igne</strong></span> <span class='ocrx_word' id='word_1_87' title='bbox 566 1467 698 1538; x_wconf 87' lang='lat' dir='ltr'><strong>descen</strong></span> <span class='ocrx_word' id='word_1_88' title='bbox 726 1479 812 1539; x_wconf 87' lang='lat' dir='ltr'><strong>ente</strong></span> <span class='ocrx_word' id='word_1_89' title='bbox 829 1467 987 1563; x_wconf 87' lang='lat' dir='ltr'><strong>desuper</strong></span> <span class='ocrx_word' id='word_1_90' title='bbox 1009 1469 1133 1540; x_wconf 86' lang='lat' dir='ltr'><strong>subito</strong></span> <span class='ocrx_word' id='word_1_91' title='bbox 1151 1468 1332 1541; x_wconf 88' lang='lat' dir='ltr'><strong>devorari.</strong></span> 
     </span>
    </p>

    <p class='ocr_par' dir='ltr' id='par_1_7' title="bbox 103 1557 1631 1823">
     <span class='ocr_line' id='line_1_13' title="bbox 153 1557 1631 1656; baseline 0.003 -30"><span class='ocrx_word' id='word_1_92' title='bbox 153 1557 253 1628; x_wconf 86' lang='lat' dir='ltr'><strong>Jehu</strong></span> <span class='ocrx_word' id='word_1_93' title='bbox 266 1583 337 1630; x_wconf 82' lang='lat' dir='ltr'><strong>rex</strong></span> <span class='ocrx_word' id='word_1_94' title='bbox 359 1559 474 1630; x_wconf 69' lang='lat' dir='ltr'><strong>Israel</strong></span> <span class='ocrx_word' id='word_1_95' title='bbox 489 1563 657 1632; x_wconf 87' lang='lat' dir='ltr'><strong>maximo</strong></span> <span class='ocrx_word' id='word_1_96' title='bbox 679 1561 759 1633; x_wconf 87' lang='lat' dir='ltr'><strong>zelo</strong></span> <span class='ocrx_word' id='word_1_97' title='bbox 781 1574 997 1656; x_wconf 87' lang='lat' dir='ltr'><strong>persecutus</strong></span> <span class='ocrx_word' id='word_1_98' title='bbox 1021 1574 1077 1633; x_wconf 91' lang='lat' dir='ltr'><strong>est</strong></span> <span class='ocrx_word' id='word_1_99' title='bbox 1094 1563 1182 1632; x_wconf 81' lang='lat' dir='ltr'><strong>Raal</strong></span> <span class='ocrx_word' id='word_1_100' title='bbox 1198 1563 1357 1634; x_wconf 88' lang='lat' dir='ltr'><strong>cultores</strong></span> <span class='ocrx_word' id='word_1_101' title='bbox 1373 1559 1456 1649; x_wconf 84' lang='lat' dir='ltr'><strong>,ita</strong></span> <span class='ocrx_word' id='word_1_102' title='bbox 1472 1587 1498 1654; x_wconf 68' lang='lat'><strong>4.</strong></span> <span class='ocrx_word' id='word_1_103' title='bbox 1511 1591 1574 1656; x_wconf 75' lang='lat' dir='ltr'><strong>neg.</strong></span> <span class='ocrx_word' id='word_1_104' title='bbox 1590 1605 1631 1640; x_wconf 68' lang='lat'><strong>10.</strong></span> 
     </span>
     <span class='ocr_line' id='line_1_14' title="bbox 104 1651 1459 1750; baseline 0.002 -29"><span class='ocrx_word' id='word_1_105' title='bbox 104 1651 204 1744; x_wconf 90' lang='lat' dir='ltr'><strong>quod</strong></span> <span class='ocrx_word' id='word_1_106' title='bbox 226 1653 411 1725; x_wconf 90' lang='lat' dir='ltr'><strong>Dominus</strong></span> <span class='ocrx_word' id='word_1_107' title='bbox 429 1655 442 1725; x_wconf 94' lang='lat' dir='ltr'><strong>i</strong></span> <span class='ocrx_word' id='word_1_108' title='bbox 469 1655 547 1726; x_wconf 89' lang='lat' dir='ltr'><strong>sius</strong></span> <span class='ocrx_word' id='word_1_109' title='bbox 566 1681 678 1750; x_wconf 90' lang='lat' dir='ltr'><strong>opera</strong></span> <span class='ocrx_word' id='word_1_110' title='bbox 698 1657 994 1749; x_wconf 87' lang='lat' dir='ltr'><strong>commendavit,</strong></span> <span class='ocrx_word' id='word_1_111' title='bbox 1027 1669 1063 1728; x_wconf 89' lang='lat' dir='ltr'><strong>et</strong></span> <span class='ocrx_word' id='word_1_112' title='bbox 1081 1668 1208 1729; x_wconf 85' lang='lat' dir='ltr'><strong>tamen</strong></span> <span class='ocrx_word' id='word_1_113' title='bbox 1235 1657 1286 1729; x_wconf 87' lang='lat' dir='ltr'><strong>ab</strong></span> <span class='ocrx_word' id='word_1_114' title='bbox 1300 1654 1459 1728; x_wconf 86' lang='lat' dir='ltr'><strong>idolola-</strong></span> 
     </span>
     <span class='ocr_line' id='line_1_15' title="bbox 103 1744 912 1823; baseline 0.007 -7"><span class='ocrx_word' id='word_1_115' title='bbox 103 1747 176 1816; x_wconf 89' lang='lat' dir='ltr'><strong>tria</strong></span> <span class='ocrx_word' id='word_1_116' title='bbox 200 1744 410 1818; x_wconf 86' lang='lat' dir='ltr'><strong>vitulorum</strong></span> <span class='ocrx_word' id='word_1_117' title='bbox 456 1749 627 1819; x_wconf 86' lang='lat' dir='ltr'><strong>eroboam</strong></span> <span class='ocrx_word' id='word_1_118' title='bbox 647 1776 726 1822; x_wconf 90' lang='lat' dir='ltr'><strong>non</strong></span> <span class='ocrx_word' id='word_1_119' title='bbox 751 1752 912 1823; x_wconf 88' lang='lat' dir='ltr'><strong>recessit.</strong></span> 
     </span>
    </p>

    <p class='ocr_par' dir='ltr' id='par_1_8' title="bbox 105 1840 1652 2114">
     <span class='ocr_line' id='line_1_16' title="bbox 152 1840 1652 1937; baseline 0.001 -27"><span class='ocrx_word' id='word_1_120' title='bbox 152 1844 338 1911; x_wconf 89' lang='lat' dir='ltr'><strong>Manasses</strong></span> <span class='ocrx_word' id='word_1_121' title='bbox 360 1865 432 1912; x_wconf 83' lang='lat' dir='ltr'><strong>rex</strong></span> <span class='ocrx_word' id='word_1_122' title='bbox 450 1842 492 1911; x_wconf 92' lang='lat' dir='ltr'><strong>in</strong></span> <span class='ocrx_word' id='word_1_123' title='bbox 509 1840 716 1914; x_wconf 85' lang='lat' dir='ltr'><strong>Jerusalem</strong></span> <span class='ocrx_word' id='word_1_124' title='bbox 737 1845 918 1914; x_wconf 81' lang='lat' dir='ltr'><strong>terribilia</strong></span> <span class='ocrx_word' id='word_1_125' title='bbox 932 1843 1099 1914; x_wconf 83' lang='lat' dir='ltr'><strong>facinora</strong></span> <span class='ocrx_word' id='word_1_126' title='bbox 1112 1845 1359 1937; x_wconf 82' lang='lat' dir='ltr'><strong>perpetravit,</strong></span> <span class='ocrx_word' id='word_1_127' title='bbox 1374 1867 1457 1933; x_wconf 78' lang='lat' dir='ltr'><strong>pos·</strong></span> <span class='ocrx_word' id='word_1_128' title='bbox 1472 1866 1498 1900; x_wconf 82' lang='lat'><strong>2·</strong></span> <span class='ocrx_word' id='word_1_129' title='bbox 1511 1850 1597 1903; x_wconf 73' lang='lat' dir='ltr'><strong>Paul·</strong></span> <span class='ocrx_word' id='word_1_130' title='bbox 1610 1851 1652 1902; x_wconf 80' lang='lat'><strong>³³·</strong></span> 
     </span>
     <span class='ocr_line' id='line_1_17' title="bbox 106 1933 1454 2031; baseline 0.002 -28"><span class='ocrx_word' id='word_1_131' title='bbox 106 1945 164 2004; x_wconf 87' lang='lat' dir='ltr'><strong>tea</strong></span> <span class='ocrx_word' id='word_1_132' title='bbox 178 1933 317 2003; x_wconf 89' lang='lat' dir='ltr'><strong>catenis</strong></span> <span class='ocrx_word' id='word_1_133' title='bbox 333 1933 505 2024; x_wconf 87' lang='lat' dir='ltr'><strong>vinctus,</strong></span> <span class='ocrx_word' id='word_1_134' title='bbox 528 1948 564 2006; x_wconf 88' lang='lat' dir='ltr'><strong>et</strong></span> <span class='ocrx_word' id='word_1_135' title='bbox 585 1937 627 2005; x_wconf 90' lang='lat' dir='ltr'><strong>in</strong></span> <span class='ocrx_word' id='word_1_136' title='bbox 646 1936 879 2031; x_wconf 86' lang='lat' dir='ltr'><strong>Babylonem</strong></span> <span class='ocrx_word' id='word_1_137' title='bbox 890 1934 1047 2027; x_wconf 88' lang='lat' dir='ltr'><strong>ductus,</strong></span> <span class='ocrx_word' id='word_1_138' title='bbox 1066 1936 1327 2031; x_wconf 87' lang='lat' dir='ltr'><strong>poenitentiam</strong></span> <span class='ocrx_word' id='word_1_139' title='bbox 1343 1956 1454 2027; x_wconf 89' lang='lat' dir='ltr'><strong>agens</strong></span> 
     </span>
     <span class='ocr_line' id='line_1_18' title="bbox 105 2026 1164 2114; baseline 0.006 -17"><span class='ocrx_word' id='word_1_140' title='bbox 105 2027 226 2098; x_wconf 87' lang='lat' dir='ltr'><strong>oravit</strong></span> <span class='ocrx_word' id='word_1_141' title='bbox 248 2026 454 2099; x_wconf 89' lang='lat' dir='ltr'><strong>Dominum</strong></span> <span class='ocrx_word' id='word_1_142' title='bbox 473 2039 510 2098; x_wconf 88' lang='lat' dir='ltr'><strong>et</strong></span> <span class='ocrx_word' id='word_1_143' title='bbox 531 2028 733 2101; x_wconf 84' lang='lat' dir='ltr'><strong>exauditus</strong></span> <span class='ocrx_word' id='word_1_144' title='bbox 753 2029 837 2102; x_wconf 85' lang='lat' dir='ltr'><strong>fuit.</strong></span> <span class='ocrx_word' id='word_1_145' title='bbox 1159 2103 1164 2114; x_wconf 83' lang='grc'>,</span> 
     </span>
    </p>

    <p class='ocr_par' dir='ltr' id='par_1_9' title="bbox 101 2119 1691 2590">
     <span class='ocr_line' id='line_1_19' title="bbox 152 2119 1691 2209; baseline -0.003 -19"><span class='ocrx_word' id='word_1_146' title='bbox 152 2120 272 2192; x_wconf 87' lang='lat' dir='ltr'><strong>Josias</strong></span> <span class='ocrx_word' id='word_1_147' title='bbox 289 2145 359 2191; x_wconf 83' lang='lat' dir='ltr'><strong>rex</strong></span> <span class='ocrx_word' id='word_1_148' title='bbox 384 2119 505 2208; x_wconf 86' lang='lat' dir='ltr'><strong>Juda,</strong></span> <span class='ocrx_word' id='word_1_149' title='bbox 525 2147 612 2193; x_wconf 89' lang='lat' dir='ltr'><strong>cum</strong></span> <span class='ocrx_word' id='word_1_150' title='bbox 640 2125 911 2196; x_wconf 86' lang='lat' dir='ltr'><strong>sanctissimam</strong></span> <span class='ocrx_word' id='word_1_151' title='bbox 937 2125 1057 2197; x_wconf 89' lang='lat' dir='ltr'><strong>vitam</strong></span> <span class='ocrx_word' id='word_1_152' title='bbox 1083 2122 1276 2209; x_wconf 84' lang='lat' dir='ltr'><strong>duxisset,</strong></span> <span class='ocrx_word' id='word_1_153' title='bbox 1303 2119 1456 2192; x_wconf 90' lang='lat' dir='ltr'><strong>tandem</strong></span> <span class='ocrx_word' id='word_1_154' title='bbox 1474 2135 1651 2188; x_wconf 53' lang='lat' dir='ltr'><strong>auratas,</strong></span> <span class='ocrx_word' id='word_1_155' title='bbox 1685 2120 1691 2136; x_wconf 64' lang='lat'><strong>⁵</strong></span> 
     </span>
     <span class='ocr_line' id='line_1_20' title="bbox 103 2211 1676 2310; baseline 0.001 -24"><span class='ocrx_word' id='word_1_156' title='bbox 103 2214 291 2310; x_wconf 78' lang='lat' dir='ltr'><strong>perrexit,</strong></span> <span class='ocrx_word' id='word_1_157' title='bbox 321 2223 365 2284; x_wconf 90' lang='lat' dir='ltr'><strong>ut</strong></span> <span class='ocrx_word' id='word_1_158' title='bbox 387 2211 580 2285; x_wconf 83' lang='lat' dir='ltr'><strong>dimicaret</strong></span> <span class='ocrx_word' id='word_1_159' title='bbox 601 2226 732 2284; x_wconf 88' lang='lat' dir='ltr'><strong>contra</strong></span> <span class='ocrx_word' id='word_1_160' title='bbox 753 2215 902 2285; x_wconf 86' lang='lat' dir='ltr'><strong>Nechao</strong></span> <span class='ocrx_word' id='word_1_161' title='bbox 927 2240 1050 2307; x_wconf 90' lang='lat' dir='ltr'><strong>regem</strong></span> <span class='ocrx_word' id='word_1_162' title='bbox 1069 2217 1244 2308; x_wconf 84' lang='lat' dir='ltr'><strong>AEgypti,·</strong></span> <span class='ocrx_word' id='word_1_163' title='bbox 1271 2213 1458 2287; x_wconf 87' lang='lat' dir='ltr'><strong>dicentem</strong></span> <span class='ocrx_word' id='word_1_164' title='bbox 1672 2219 1676 2223; x_wconf 80' lang='grc'><strong>’</strong></span> 
     </span>
     <span class='ocr_line' id='line_1_21' title="bbox 104 2306 1456 2400; baseline -0.004 -19"><span class='ocrx_word' id='word_1_165' title='bbox 104 2312 138 2381; x_wconf 89' lang='lat' dir='ltr'><strong>ei</strong></span> <span class='ocrx_word' id='word_1_166' title='bbox 160 2333 168 2377; x_wconf 91' lang='lat'>:</span> <span class='ocrx_word' id='word_1_167' title='bbox 190 2307 318 2380; x_wconf 90' lang='lat' dir='ltr'><strong>desine</strong></span> <span class='ocrx_word' id='word_1_168' title='bbox 336 2306 516 2380; x_wconf 83' lang='lat' dir='ltr'><strong>adversus</strong></span> <span class='ocrx_word' id='word_1_169' title='bbox 534 2307 741 2378; x_wconf 90' lang='lat' dir='ltr'><strong>Dominum</strong></span> <span class='ocrx_word' id='word_1_170' title='bbox 763 2306 903 2396; x_wconf 86' lang='lat' dir='ltr'><strong>facere,</strong></span> <span class='ocrx_word' id='word_1_171' title='bbox 925 2309 992 2400; x_wconf 76' lang='lat' dir='ltr'><strong>qui</strong></span> <span class='ocrx_word' id='word_1_172' title='bbox 1011 2331 1159 2378; x_wconf 89' lang='lat' dir='ltr'><strong>mecum</strong></span> <span class='ocrx_word' id='word_1_173' title='bbox 1173 2319 1251 2395; x_wconf 84' lang='lat' dir='ltr'><strong>est,</strong></span> <span class='ocrx_word' id='word_1_174' title='bbox 1272 2331 1320 2374; x_wconf 91' lang='lat' dir='ltr'><strong>ne</strong></span> <span class='ocrx_word' id='word_1_175' title='bbox 1337 2307 1456 2376; x_wconf 90' lang='lat' dir='ltr'><strong>inter-</strong></span> 
     </span>
     <span class='ocr_line' id='line_1_22' title="bbox 101 2399 1619 2495; baseline -0.003 -21"><span class='ocrx_word' id='word_1_176' title='bbox 101 2403 202 2476; x_wconf 87' lang='lat' dir='ltr'><strong>ficiat</strong></span> <span class='ocrx_word' id='word_1_177' title='bbox 229 2415 275 2473; x_wconf 90' lang='lat' dir='ltr'><strong>te.</strong></span> <span class='ocrx_word' id='word_1_178' title='bbox 302 2399 388 2472; x_wconf 91' lang='lat' dir='ltr'><strong>Non</strong></span> <span class='ocrx_word' id='word_1_179' title='bbox 411 2403 600 2495; x_wconf 84' lang='lat' dir='ltr'><strong>acquievit</strong></span> <span class='ocrx_word' id='word_1_180' title='bbox 621 2403 855 2473; x_wconf 86' lang='lat' dir='ltr'><strong>sermonibus</strong></span> <span class='ocrx_word' id='word_1_181' title='bbox 878 2400 1028 2475; x_wconf 89' lang='lat' dir='ltr'><strong>Nechao</strong></span> <span class='ocrx_word' id='word_1_182' title='bbox 1045 2423 1095 2472; x_wconf 87' lang='lat' dir='ltr'><strong>ex</strong></span> <span class='ocrx_word' id='word_1_183' title='bbox 1111 2423 1174 2470; x_wconf 89' lang='lat' dir='ltr'><strong>ore</strong></span> <span class='ocrx_word' id='word_1_184' title='bbox 1190 2400 1282 2491; x_wconf 89' lang='lat' dir='ltr'><strong>Dei,</strong></span> <span class='ocrx_word' id='word_1_185' title='bbox 1306 2409 1344 2470; x_wconf 88' lang='lat' dir='ltr'><strong>et</strong></span> <span class='ocrx_word' id='word_1_186' title='bbox 1359 2399 1454 2470; x_wconf 87' lang='lat' dir='ltr'><strong>male</strong></span> <span class='ocrx_word' id='word_1_187' title='bbox 1552 2417 1556 2424; x_wconf 84' lang='lat'>·</span> <span class='ocrx_word' id='word_1_188' title='bbox 1618 2421 1619 2428; x_wconf 53' lang='lat'>¹</span> 
     </span>
     <span class='ocr_line' id='line_1_23' title="bbox 102 2495 1522 2590; baseline -0.001 -22"><span class='ocrx_word' id='word_1_189' title='bbox 102 2497 279 2570; x_wconf 88' lang='lat' dir='ltr'><strong>successit</strong></span> <span class='ocrx_word' id='word_1_190' title='bbox 298 2495 354 2588; x_wconf 66' lang='grc' dir='ltr'><strong>εἰς</strong></span> <span class='ocrx_word' id='word_1_191' title='bbox 374 2496 518 2590; x_wconf 81' lang='lat' dir='ltr'><strong>sagittis</strong></span> <span class='ocrx_word' id='word_1_192' title='bbox 539 2498 641 2568; x_wconf 89' lang='lat' dir='ltr'><strong>enim</strong></span> <span class='ocrx_word' id='word_1_193' title='bbox 664 2495 838 2569; x_wconf 83' lang='lat' dir='ltr'><strong>confixus</strong></span> <span class='ocrx_word' id='word_1_194' title='bbox 855 2499 981 2590; x_wconf 75' lang='lat' dir='ltr'><strong>periit·</strong></span> <span class='ocrx_word' id='word_1_195' title='bbox 1518 2547 1522 2558; x_wconf 79' lang='lat'><em>·</em></span> 
     </span>
    </p>

    <p class='ocr_par' dir='ltr' id='par_1_10' title="bbox 95 2588 1649 3064">
     <span class='ocr_line' id='line_1_24' title="bbox 149 2588 1649 2694; baseline 0.001 -31"><span class='ocrx_word' id='word_1_196' title='bbox 149 2591 350 2664; x_wconf 85' lang='lat' dir='ltr'><strong>Civitatem</strong></span> <span class='ocrx_word' id='word_1_197' title='bbox 376 2601 563 2681; x_wconf 89' lang='lat' dir='ltr'><strong>sanctam,</strong></span> <span class='ocrx_word' id='word_1_198' title='bbox 582 2591 762 2681; x_wconf 86' lang='lat' dir='ltr'><strong>electam,</strong></span> <span class='ocrx_word' id='word_1_199' title='bbox 784 2591 991 2694; x_wconf 89' lang='lat' dir='ltr'><strong>specialiter</strong></span> <span class='ocrx_word' id='word_1_200' title='bbox 1007 2588 1203 2678; x_wconf 87' lang='lat' dir='ltr'><strong>dilectam,</strong></span> <span class='ocrx_word' id='word_1_201' title='bbox 1228 2588 1452 2683; x_wconf 85' lang='lat' dir='ltr'><strong>peculiarem</strong></span> <span class='ocrx_word' id='word_1_202' title='bbox 1471 2610 1498 2676; x_wconf 78' lang='lat'><strong>4.</strong></span> <span class='ocrx_word' id='word_1_203' title='bbox 1512 2603 1574 2680; x_wconf 77' lang='lat' dir='ltr'><strong>m&#39;g.</strong></span> <span class='ocrx_word' id='word_1_204' title='bbox 1594 2619 1649 2683; x_wconf 56' lang='lat' dir='ltr'><strong>aa·</strong></span> 
     </span>
     <span class='ocr_line' id='line_1_25' title="bbox 97 2682 1621 2800; baseline -0.001 -44"><span class='ocrx_word' id='word_1_205' title='bbox 97 2686 298 2781; x_wconf 90' lang='lat' dir='ltr'><strong>populum,</strong></span> <span class='ocrx_word' id='word_1_206' title='bbox 321 2711 434 2783; x_wconf 86' lang='lat' dir='ltr'><strong>quem</strong></span> <span class='ocrx_word' id='word_1_207' title='bbox 457 2684 502 2756; x_wconf 91' lang='lat' dir='ltr'><strong>de</strong></span> <span class='ocrx_word' id='word_1_208' title='bbox 519 2689 682 2783; x_wconf 85' lang='lat' dir='ltr'><strong>AEgypto</strong></span> <span class='ocrx_word' id='word_1_209' title='bbox 707 2685 927 2758; x_wconf 79' lang='lat' dir='ltr'><strong>mirabiliter</strong></span> <span class='ocrx_word' id='word_1_210' title='bbox 948 2684 1131 2758; x_wconf 80' lang='lat' dir='ltr'><strong>eduxerat</strong></span> <span class='ocrx_word' id='word_1_211' title='bbox 1151 2709 1217 2777; x_wconf 87' lang='lat' dir='ltr'><strong>per</strong></span> <span class='ocrx_word' id='word_1_212' title='bbox 1241 2683 1451 2773; x_wconf 88' lang='lat' dir='ltr'><strong>desertum,</strong></span> <span class='ocrx_word' id='word_1_213' title='bbox 1469 2682 1621 2800; x_wconf 40' lang='grc' dir='ltr'><strong>10ξὲὠῶ</strong></span> 
     </span>
     <span class='ocr_line' id='line_1_26' title="bbox 96 2763 1631 2876; baseline -0.003 -23"><span class='ocrx_word' id='word_1_214' title='bbox 96 2783 137 2853; x_wconf 89' lang='lat' dir='ltr'><strong>in</strong></span> <span class='ocrx_word' id='word_1_215' title='bbox 162 2792 302 2854; x_wconf 86' lang='lat' dir='ltr'><strong>terram</strong></span> <span class='ocrx_word' id='word_1_216' title='bbox 327 2780 583 2876; x_wconf 87' lang='lat' dir='ltr'><strong>promissionis</strong></span> <span class='ocrx_word' id='word_1_217' title='bbox 610 2779 895 2871; x_wconf 84' lang='lat' dir='ltr'><strong>introduxerat,</strong></span> <span class='ocrx_word' id='word_1_218' title='bbox 923 2779 1091 2876; x_wconf 88' lang='lat' dir='ltr'><strong>permisit</strong></span> <span class='ocrx_word' id='word_1_219' title='bbox 1115 2779 1217 2850; x_wconf 90' lang='lat' dir='ltr'><strong>Deus</strong></span> <span class='ocrx_word' id='word_1_220' title='bbox 1243 2803 1310 2874; x_wconf 86' lang='lat' dir='ltr'><strong>per</strong></span> <span class='ocrx_word' id='word_1_221' title='bbox 1337 2777 1453 2849; x_wconf 86' lang='lat' dir='ltr'><strong>Chal-</strong></span> <span class='ocrx_word' id='word_1_222' title='bbox 1530 2763 1565 2799; x_wconf 78' lang='lat' dir='ltr'><strong>a.</strong></span> <span class='ocrx_word' id='word_1_223' title='bbox 1623 2780 1631 2798; x_wconf 90' lang='lat'>&#39;</span> 
     </span>
     <span class='ocr_line' id='line_1_27' title="bbox 95 2871 1452 2968; baseline 0 -22"><span class='ocrx_word' id='word_1_224' title='bbox 95 2876 194 2948; x_wconf 87' lang='lat' dir='ltr'><strong>daeos</strong></span> <span class='ocrx_word' id='word_1_225' title='bbox 220 2886 257 2946; x_wconf 91' lang='lat' dir='ltr'><strong>et</strong></span> <span class='ocrx_word' id='word_1_226' title='bbox 278 2875 348 2946; x_wconf 83' lang='lat' dir='ltr'><strong>Ass</strong></span> <span class='ocrx_word' id='word_1_227' title='bbox 380 2875 453 2948; x_wconf 88' lang='lat' dir='ltr'><strong>rios</strong></span> <span class='ocrx_word' id='word_1_228' title='bbox 484 2871 672 2948; x_wconf 82' lang='lat' dir='ltr'><strong>devastari</strong></span> <span class='ocrx_word' id='word_1_229' title='bbox 696 2887 732 2947; x_wconf 90' lang='lat' dir='ltr'><strong>et</strong></span> <span class='ocrx_word' id='word_1_230' title='bbox 760 2876 981 2950; x_wconf 88' lang='lat' dir='ltr'><strong>mirabiliter</strong></span> <span class='ocrx_word' id='word_1_231' title='bbox 1003 2873 1205 2968; x_wconf 86' lang='lat' dir='ltr'><strong>captivari,</strong></span> <span class='ocrx_word' id='word_1_232' title='bbox 1232 2871 1452 2948; x_wconf 58' lang='lat' dir='ltr'><strong>videbatur-v</strong></span> 
     </span>
     <span class='ocr_line' id='line_1_28' title="bbox 95 2965 1448 3064; baseline -0.001 -24"><span class='ocrx_word' id='word_1_233' title='bbox 95 2997 192 3064; x_wconf 84' lang='lat' dir='ltr'><strong>que,</strong></span> <span class='ocrx_word' id='word_1_234' title='bbox 240 2969 317 3041; x_wconf 91' lang='lat' dir='ltr'><strong>uod</strong></span> <span class='ocrx_word' id='word_1_235' title='bbox 365 2995 384 3038; x_wconf 91' lang='lat' dir='ltr'><strong>e</strong></span> <span class='ocrx_word' id='word_1_236' title='bbox 411 2969 485 3058; x_wconf 89' lang='lat' dir='ltr'><strong>illis</strong></span> <span class='ocrx_word' id='word_1_237' title='bbox 512 2971 663 3062; x_wconf 88' lang='lat' dir='ltr'><strong>penitus</strong></span> <span class='ocrx_word' id='word_1_238' title='bbox 689 2992 768 3038; x_wconf 93' lang='lat' dir='ltr'><strong>non</strong></span> <span class='ocrx_word' id='word_1_239' title='bbox 791 2973 959 3059; x_wconf 82' lang='lat' dir='ltr'><strong>curaret,</strong></span> <span class='ocrx_word' id='word_1_240' title='bbox 977 2965 1117 3038; x_wconf 89' lang='lat' dir='ltr'><strong>dicitur</strong></span> <span class='ocrx_word' id='word_1_241' title='bbox 1136 2981 1262 3040; x_wconf 85' lang='lat' dir='ltr'><strong>autern</strong></span> <span class='ocrx_word' id='word_1_242' title='bbox 1281 2969 1371 3040; x_wconf 90' lang='lat' dir='ltr'><strong>Tob.</strong></span> <span class='ocrx_word' id='word_1_243' title='bbox 1397 2969 1448 3040; x_wconf 84' lang='lat'><strong>13.</strong></span> 
     </span>
    </p>

    <p class='ocr_par' dir='ltr' id='par_1_11' title="bbox 95 3057 1596 3339">
     <span class='ocr_line' id='line_1_29' title="bbox 145 3057 1596 3155; baseline 0.004 -25"><span class='ocrx_word' id='word_1_244' title='bbox 145 3063 225 3130; x_wconf 90' lang='lat' dir='ltr'><strong>Con</strong></span> <span class='ocrx_word' id='word_1_245' title='bbox 255 3061 388 3128; x_wconf 90' lang='lat' dir='ltr'><strong>temini</strong></span> <span class='ocrx_word' id='word_1_246' title='bbox 418 3061 579 3131; x_wconf 80' lang='lat' dir='ltr'><strong>Domino</strong></span> <span class='ocrx_word' id='word_1_247' title='bbox 604 3060 675 3131; x_wconf 86' lang='lat' dir='ltr'><strong>filii</strong></span> <span class='ocrx_word' id='word_1_248' title='bbox 701 3060 834 3153; x_wconf 72' lang='lat' dir='ltr'><strong>Israel,</strong></span> <span class='ocrx_word' id='word_1_249' title='bbox 863 3061 1043 3155; x_wconf 85' lang='lat' dir='ltr'><strong>quoniam</strong></span> <span class='ocrx_word' id='word_1_250' title='bbox 1069 3057 1153 3129; x_wconf 89' lang='lat' dir='ltr'><strong>ideo</strong></span> <span class='ocrx_word' id='word_1_251' title='bbox 1181 3061 1355 3154; x_wconf 85' lang='lat' dir='ltr'><strong>dispersit</strong></span> <span class='ocrx_word' id='word_1_252' title='bbox 1381 3089 1449 3142; x_wconf 87' lang='lat' dir='ltr'><strong>vos</strong></span> <span class='ocrx_word' id='word_1_253' title='bbox 1467 3091 1534 3150; x_wconf 70' lang='lat' dir='ltr'><strong>rob.</strong></span> <span class='ocrx_word' id='word_1_254' title='bbox 1557 3093 1596 3146; x_wconf 83' lang='lat'><strong>13.</strong></span> 
     </span>
     <span class='ocr_line' id='line_1_30' title="bbox 95 3151 1450 3244; baseline 0 -20"><span class='ocrx_word' id='word_1_255' title='bbox 95 3153 199 3224; x_wconf 90' lang='lat' dir='ltr'><strong>inter</strong></span> <span class='ocrx_word' id='word_1_256' title='bbox 227 3159 375 3242; x_wconf 84' lang='lat' dir='ltr'><strong>gentes,</strong></span> <span class='ocrx_word' id='word_1_257' title='bbox 397 3173 481 3241; x_wconf 78' lang='lat' dir='ltr'><strong>quae</strong></span> <span class='ocrx_word' id='word_1_258' title='bbox 501 3151 678 3242; x_wconf 85' lang='lat' dir='ltr'><strong>ignorant</strong></span> <span class='ocrx_word' id='word_1_259' title='bbox 698 3153 818 3225; x_wconf 90' lang='lat' dir='ltr'><strong>Deum</strong></span> <span class='ocrx_word' id='word_1_260' title='bbox 831 3207 844 3244; x_wconf 20' lang='lat'><strong>,1</strong></span> <span class='ocrx_word' id='word_1_261' title='bbox 863 3165 908 3222; x_wconf 90' lang='lat' dir='ltr'><strong>ut</strong></span> <span class='ocrx_word' id='word_1_262' title='bbox 931 3151 1110 3222; x_wconf 78' lang='lat' dir='ltr'><strong>enarretis</strong></span> <span class='ocrx_word' id='word_1_263' title='bbox 1135 3151 1318 3222; x_wconf 86' lang='lat' dir='ltr'><strong>mirabilia</strong></span> <span class='ocrx_word' id='word_1_264' title='bbox 1345 3163 1450 3244; x_wconf 78' lang='lat' dir='ltr'><strong>ejus,</strong></span> 
     </span>
     <span class='ocr_line' id='line_1_31' title="bbox 95 3241 1326 3339; baseline -0.007 -22"><span class='ocrx_word' id='word_1_265' title='bbox 95 3257 135 3317; x_wconf 87' lang='lat' dir='ltr'><strong>et</strong></span> <span class='ocrx_word' id='word_1_266' title='bbox 154 3241 300 3314; x_wconf 88' lang='lat' dir='ltr'><strong>faciatis</strong></span> <span class='ocrx_word' id='word_1_267' title='bbox 328 3244 419 3310; x_wconf 90' lang='lat' dir='ltr'><strong>scire</strong></span> <span class='ocrx_word' id='word_1_268' title='bbox 448 3265 530 3331; x_wconf 89' lang='lat' dir='ltr'><strong>eos,</strong></span> <span class='ocrx_word' id='word_1_269' title='bbox 551 3245 640 3336; x_wconf 91' lang='lat' dir='ltr'><strong>qnia</strong></span> <span class='ocrx_word' id='word_1_270' title='bbox 662 3268 741 3339; x_wconf 81' lang='lat' dir='ltr'><strong>non</strong></span> <span class='ocrx_word' id='word_1_271' title='bbox 766 3257 824 3316; x_wconf 83' lang='lat' dir='ltr'><strong>est</strong></span> <span class='ocrx_word' id='word_1_272' title='bbox 843 3246 937 3315; x_wconf 88' lang='lat' dir='ltr'><strong>alius</strong></span> <span class='ocrx_word' id='word_1_273' title='bbox 957 3246 1059 3315; x_wconf 89' lang='lat' dir='ltr'><strong>Deus</strong></span> <span class='ocrx_word' id='word_1_274' title='bbox 1072 3254 1207 3336; x_wconf 84' lang='lat' dir='ltr'><strong>praeter</strong></span> <span class='ocrx_word' id='word_1_275' title='bbox 1229 3267 1326 3314; x_wconf 91' lang='lat' dir='ltr'><strong>eum.</strong></span> 
     </span>
    </p>

    <p class='ocr_par' dir='ltr' id='par_1_12' title="bbox 95 3335 1575 3615">
     <span class='ocr_line' id='line_1_32' title="bbox 146 3335 1575 3431; baseline -0.001 -20"><span class='ocrx_word' id='word_1_276' title='bbox 146 3337 283 3411; x_wconf 79' lang='lat' dir='ltr'><strong>Tobios</strong></span> <span class='ocrx_word' id='word_1_277' title='bbox 303 3345 387 3430; x_wconf 90' lang='lat' dir='ltr'><strong>post</strong></span> <span class='ocrx_word' id='word_1_278' title='bbox 404 3342 480 3404; x_wconf 88' lang='lat' dir='ltr'><strong>tam</strong></span> <span class='ocrx_word' id='word_1_279' title='bbox 498 3336 559 3427; x_wconf 90' lang='lat' dir='ltr'><strong>pia</strong></span> <span class='ocrx_word' id='word_1_280' title='bbox 579 3359 690 3428; x_wconf 91' lang='lat' dir='ltr'><strong>opera</strong></span> <span class='ocrx_word' id='word_1_281' title='bbox 706 3337 987 3427; x_wconf 83' lang='lat' dir='ltr'><strong>misericordiae,</strong></span> <span class='ocrx_word' id='word_1_282' title='bbox 1003 3335 1142 3431; x_wconf 87' lang='lat' dir='ltr'><strong>quibus</strong></span> <span class='ocrx_word' id='word_1_283' title='bbox 1159 3337 1338 3408; x_wconf 87' lang='lat' dir='ltr'><strong>sollicitus</strong></span> <span class='ocrx_word' id='word_1_284' title='bbox 1355 3349 1448 3426; x_wconf 88' lang='lat' dir='ltr'><strong>erat,</strong></span> <span class='ocrx_word' id='word_1_285' title='bbox 1466 3359 1532 3408; x_wconf 76' lang='lat' dir='ltr'><strong>Tob.</strong></span> <span class='ocrx_word' id='word_1_286' title='bbox 1550 3375 1575 3414; x_wconf 76' lang='lat'><strong>2.</strong></span> 
     </span>
     <span class='ocr_line' id='line_1_33' title="bbox 96 3427 1449 3522; baseline -0.004 -16"><span class='ocrx_word' id='word_1_287' title='bbox 96 3443 313 3506; x_wconf 88' lang='lat' dir='ltr'><strong>excoecatus</strong></span> <span class='ocrx_word' id='word_1_288' title='bbox 334 3439 407 3516; x_wconf 91' lang='lat' dir='ltr'><strong>est,</strong></span> <span class='ocrx_word' id='word_1_289' title='bbox 428 3430 537 3520; x_wconf 85' lang='lat' dir='ltr'><strong>cujus</strong></span> <span class='ocrx_word' id='word_1_290' title='bbox 558 3449 711 3498; x_wconf 90' lang='lat' dir='ltr'><strong>causam</strong></span> <span class='ocrx_word' id='word_1_291' title='bbox 733 3455 810 3500; x_wconf 91' lang='lat' dir='ltr'><strong>non</strong></span> <span class='ocrx_word' id='word_1_292' title='bbox 833 3427 1081 3522; x_wconf 84' lang='lat' dir='ltr'><strong>intelligentes</strong></span> <span class='ocrx_word' id='word_1_293' title='bbox 1103 3431 1212 3499; x_wconf 85' lang='lat' dir='ltr'><strong>amici</strong></span> <span class='ocrx_word' id='word_1_294' title='bbox 1236 3432 1326 3519; x_wconf 78' lang='lat' dir='ltr'><strong>ejus·</strong></span> <span class='ocrx_word' id='word_1_295' title='bbox 1347 3451 1449 3500; x_wconf 88' lang='lat' dir='ltr'><strong>scan-</strong></span> 
     </span>
     <span class='ocr_line' id='line_1_34' title="bbox 95 3520 595 3615; baseline -0.02 -17"><span class='ocrx_word' id='word_1_296' title='bbox 95 3525 270 3615; x_wconf 85' lang='lat' dir='ltr'><strong>dalizati,</strong></span> <span class='ocrx_word' id='word_1_297' title='bbox 294 3521 527 3594; x_wconf 89' lang='lat' dir='ltr'><strong>insultabant</strong></span> <span class='ocrx_word' id='word_1_298' title='bbox 551 3520 595 3590; x_wconf 87' lang='lat' dir='ltr'><strong>ei.</strong></span> 
     </span>
    </p>

    <p class='ocr_par' dir='ltr' id='par_1_13' title="bbox 94 3613 1643 3805">
     <span class='ocr_line' id='line_1_35' title="bbox 145 3613 1643 3712; baseline 0 -22"><span class='ocrx_word' id='word_1_299' title='bbox 145 3619 243 3690; x_wconf 89' lang='lat' dir='ltr'><strong>Satis</strong></span> <span class='ocrx_word' id='word_1_300' title='bbox 269 3613 437 3690; x_wconf 85' lang='lat' dir='ltr'><strong>mirabile</strong></span> <span class='ocrx_word' id='word_1_301' title='bbox 460 3613 583 3710; x_wconf 92' lang='lat' dir='ltr'><strong>potuit</strong></span> <span class='ocrx_word' id='word_1_302' title='bbox 605 3614 784 3708; x_wconf 89' lang='lat' dir='ltr'><strong>reputari,</strong></span> <span class='ocrx_word' id='word_1_303' title='bbox 807 3637 921 3712; x_wconf 88' lang='lat' dir='ltr'><strong>quare</strong></span> <span class='ocrx_word' id='word_1_304' title='bbox 937 3626 995 3687; x_wconf 89' lang='lat' dir='ltr'><strong>tot</strong></span> <span class='ocrx_word' id='word_1_305' title='bbox 1013 3637 1126 3708; x_wconf 88' lang='lat' dir='ltr'><strong>regna</strong></span> <span class='ocrx_word' id='word_1_306' title='bbox 1148 3615 1317 3708; x_wconf 84' lang='lat' dir='ltr'><strong>permisit</strong></span> <span class='ocrx_word' id='word_1_307' title='bbox 1347 3617 1452 3687; x_wconf 84' lang='lat' dir='ltr'><strong>Deus</strong></span> <span class='ocrx_word' id='word_1_308' title='bbox 1465 3634 1567 3688; x_wconf 71' lang='lat' dir='ltr'><strong>suuis.</strong></span> <span class='ocrx_word' id='word_1_309' title='bbox 1581 3655 1605 3688; x_wconf 59' lang='grc' dir='ltr'><strong>α.</strong></span> <span class='ocrx_word' id='word_1_310' title='bbox 1618 3640 1643 3690; x_wconf 78' lang='lat' dir='ltr'><strong>t.</strong></span> 
     </span>
     <span class='ocr_line' id='line_1_36' title="bbox 94 3708 846 3805; baseline -0.005 -19"><span class='ocrx_word' id='word_1_311' title='bbox 94 3717 144 3788; x_wconf 89' lang='lat' dir='ltr'><strong>ab</strong></span> <span class='ocrx_word' id='word_1_312' title='bbox 176 3710 375 3784; x_wconf 80' lang='lat' dir='ltr'><strong>Holoferne</strong></span> <span class='ocrx_word' id='word_1_313' title='bbox 393 3708 622 3805; x_wconf 89' lang='lat' dir='ltr'><strong>nequissimo</strong></span> <span class='ocrx_word' id='word_1_314' title='bbox 646 3709 846 3805; x_wconf 84' lang='lat' dir='ltr'><strong>subjugari.</strong></span> 
     </span>
    </p>

    <p class='ocr_par' dir='ltr' id='par_1_14' title="bbox 91 3801 1709 4009">
     <span class='ocr_line' id='line_1_37' title="bbox 145 3801 1605 3903; baseline -0.001 -26"><span class='ocrx_word' id='word_1_315' title='bbox 145 3809 241 3877; x_wconf 90' lang='lat' dir='ltr'><strong>Item</strong></span> <span class='ocrx_word' id='word_1_316' title='bbox 273 3805 319 3878; x_wconf 92' lang='lat' dir='ltr'><strong>de</strong></span> <span class='ocrx_word' id='word_1_317' title='bbox 346 3805 488 3895; x_wconf 79' lang='lat' dir='ltr'><strong>Amen,</strong></span> <span class='ocrx_word' id='word_1_318' title='bbox 512 3803 579 3901; x_wconf 80' lang='lat' dir='ltr'><strong>qui</strong></span> <span class='ocrx_word' id='word_1_319' title='bbox 602 3803 677 3894; x_wconf 77' lang='lat' dir='ltr'><strong>fuit</strong></span> <span class='ocrx_word' id='word_1_320' title='bbox 704 3807 990 3903; x_wconf 89' lang='lat' dir='ltr'><strong>superbissimus</strong></span> <span class='ocrx_word' id='word_1_321' title='bbox 1017 3815 1055 3875; x_wconf 85' lang='lat' dir='ltr'><strong>et</strong></span> <span class='ocrx_word' id='word_1_322' title='bbox 1082 3801 1382 3896; x_wconf 88' lang='lat' dir='ltr'><strong>crudelissimus,</strong></span> <span class='ocrx_word' id='word_1_323' title='bbox 1409 3817 1448 3877; x_wconf 90' lang='lat' dir='ltr'><strong>et</strong></span> <span class='ocrx_word' id='word_1_324' title='bbox 1462 3825 1566 3880; x_wconf 64' lang='lat' dir='ltr'><strong>uther.</strong></span> <span class='ocrx_word' id='word_1_325' title='bbox 1581 3828 1605 3878; x_wconf 81' lang='lat' dir='ltr'><strong>s.</strong></span> 
     </span>
     <span class='ocr_line' id='line_1_38' title="bbox 91 3897 1709 4009; baseline -0.003 -36"><span class='ocrx_word' id='word_1_326' title='bbox 91 3915 223 3973; x_wconf 88' lang='lat' dir='ltr'><strong>tamen</strong></span> <span class='ocrx_word' id='word_1_327' title='bbox 249 3899 324 3972; x_wconf 86' lang='lat' dir='ltr'><strong>suit</strong></span> <span class='ocrx_word' id='word_1_328' title='bbox 347 3912 430 3995; x_wconf 84' lang='lat' dir='ltr'><strong>post</strong></span> <span class='ocrx_word' id='word_1_329' title='bbox 445 3923 567 3993; x_wconf 86' lang='lat' dir='ltr'><strong>regem</strong></span> <span class='ocrx_word' id='word_1_330' title='bbox 587 3924 700 3994; x_wconf 88' lang='lat' dir='ltr'><strong>super</strong></span> <span class='ocrx_word' id='word_1_331' title='bbox 725 3913 878 3972; x_wconf 86' lang='lat' dir='ltr'><strong>cunctos</strong></span> <span class='ocrx_word' id='word_1_332' title='bbox 900 3899 1021 4009; x_wconf 90' lang='lat' dir='ltr'><strong>princi</strong></span> <span class='ocrx_word' id='word_1_333' title='bbox 1046 3923 1085 3969; x_wconf 90' lang='lat' dir='ltr'><strong>es</strong></span> <span class='ocrx_word' id='word_1_334' title='bbox 1101 3899 1295 3998; x_wconf 76' lang='lat' dir='ltr'><strong>exaltatus.</strong></span> <span class='ocrx_word' id='word_1_335' title='bbox 1339 3897 1357 3984; x_wconf 60' lang='lat' dir='ltr'>J</span> <span class='ocrx_word' id='word_1_336' title='bbox 1637 3913 1665 3942; x_wconf 79' lang='lat'><strong>&#39;·</strong></span> <span class='ocrx_word' id='word_1_337' title='bbox 1706 3985 1709 3992; x_wconf 23' lang='grc' dir='ltr'>Ι</span> 
     </span>
    </p>

    <p class='ocr_par' dir='ltr' id='par_1_15' title="bbox 90 3924 1601 4184">
     <span class='ocr_line' id='line_1_39' title="bbox 145 3924 1601 4092; baseline 0.005 -26"><span class='ocrx_word' id='word_1_338' title='bbox 145 3995 380 4067; x_wconf 85' lang='lat' dir='ltr'><strong>Mirabantur</strong></span> <span class='ocrx_word' id='word_1_339' title='bbox 404 4005 442 4065; x_wconf 92' lang='lat' dir='ltr'><strong>et</strong></span> <span class='ocrx_word' id='word_1_340' title='bbox 463 3991 810 4068; x_wconf 83' lang='lat' dir='ltr'><strong>scandalizabantur</strong></span> <span class='ocrx_word' id='word_1_341' title='bbox 838 3996 948 4066; x_wconf 82' lang='lat' dir='ltr'><strong>amici</strong></span> <span class='ocrx_word' id='word_1_342' title='bbox 974 3924 1045 4066; x_wconf 78' lang='lat' dir='ltr'><strong>Jol</strong></span> <span class='ocrx_word' id='word_1_343' title='bbox 1075 4017 1185 4088; x_wconf 91' lang='lat' dir='ltr'><strong>super</strong></span> <span class='ocrx_word' id='word_1_344' title='bbox 1212 4019 1320 4085; x_wconf 89' lang='lat' dir='ltr'><strong>eum,</strong></span> <span class='ocrx_word' id='word_1_345' title='bbox 1343 3995 1521 4092; x_wconf 61' lang='lat' dir='ltr'><strong>quodam.</strong></span> <span class='ocrx_word' id='word_1_346' title='bbox 1538 4041 1559 4074; x_wconf 73' lang='grc' dir='ltr'><strong>ι.</strong></span> <span class='ocrx_word' id='word_1_347' title='bbox 1578 4040 1601 4074; x_wconf 83' lang='lat'><strong>2.</strong></span> 
     </span>
     <span class='ocr_line' id='line_1_40' title="bbox 90 4087 1345 4184; baseline -0.002 -22"><span class='ocrx_word' id='word_1_348' title='bbox 90 4089 277 4166; x_wconf 85' lang='lat' dir='ltr'><strong>videbant</strong></span> <span class='ocrx_word' id='word_1_349' title='bbox 298 4100 375 4184; x_wconf 88' lang='lat' dir='ltr'><strong>tam</strong></span> <span class='ocrx_word' id='word_1_350' title='bbox 398 4088 574 4182; x_wconf 86' lang='lat' dir='ltr'><strong>gravibus</strong></span> <span class='ocrx_word' id='word_1_351' title='bbox 597 4087 749 4182; x_wconf 87' lang='lat' dir='ltr'><strong>flagellis</strong></span> <span class='ocrx_word' id='word_1_352' title='bbox 771 4089 958 4161; x_wconf 86' lang='lat' dir='ltr'><strong>afflictum.</strong></span> <span class='ocrx_word' id='word_1_353' title='bbox 1340 4141 1345 4150; x_wconf 82' lang='lat'>.</span> 
     </span>
    </p>

    <p class='ocr_par' dir='ltr' id='par_1_16' title="bbox 142 4181 1597 4278">
     <span class='ocr_line' id='line_1_41' title="bbox 142 4181 1597 4278; baseline 0.001 -26"><span class='ocrx_word' id='word_1_354' title='bbox 142 4183 286 4254; x_wconf 90' lang='lat' dir='ltr'><strong>Divina</strong></span> <span class='ocrx_word' id='word_1_355' title='bbox 307 4183 451 4276; x_wconf 86' lang='lat' dir='ltr'><strong>justitia</strong></span> <span class='ocrx_word' id='word_1_356' title='bbox 469 4183 580 4275; x_wconf 91' lang='lat' dir='ltr'><strong>punit</strong></span> <span class='ocrx_word' id='word_1_357' title='bbox 597 4183 787 4256; x_wconf 89' lang='lat' dir='ltr'><strong>interdum</strong></span> <span class='ocrx_word' id='word_1_358' title='bbox 807 4183 922 4254; x_wconf 87' lang='lat' dir='ltr'><strong>malos</strong></span> <span class='ocrx_word' id='word_1_359' title='bbox 941 4181 1118 4252; x_wconf 85' lang='lat' dir='ltr'><strong>homines</strong></span> <span class='ocrx_word' id='word_1_360' title='bbox 1129 4207 1195 4276; x_wconf 90' lang='lat' dir='ltr'><strong>per</strong></span> <span class='ocrx_word' id='word_1_361' title='bbox 1211 4186 1372 4278; x_wconf 84' lang='lat' dir='ltr'><strong>pejores,</strong></span> <span class='ocrx_word' id='word_1_362' title='bbox 1392 4185 1444 4254; x_wconf 90' lang='lat' dir='ltr'><strong>si-</strong></span> <span class='ocrx_word' id='word_1_363' title='bbox 1461 4214 1533 4268; x_wconf 60' lang='lat' dir='ltr'><strong>ma„</strong></span> <span class='ocrx_word' id='word_1_364' title='bbox 1551 4183 1597 4274; x_wconf 44' lang='grc' dir='ltr'><strong>μ’</strong></span> 
     </span>
    </p>
   </div>
   <div class='ocr_carea' id='block_1_4' title="bbox 88 4275 1442 4376">
    <p class='ocr_par' dir='ltr' id='par_1_17' title="bbox 88 4275 1442 4376">
     <span class='ocr_line' id='line_1_42' title="bbox 88 4275 1442 4376; baseline 0 -26"><span class='ocrx_word' id='word_1_365' title='bbox 88 4287 160 4356; x_wconf 86' lang='lat' dir='ltr'><strong>cut</strong></span> <span class='ocrx_word' id='word_1_366' title='bbox 181 4275 278 4352; x_wconf 84' lang='lat' dir='ltr'><strong>filios</strong></span> <span class='ocrx_word' id='word_1_367' title='bbox 300 4275 414 4352; x_wconf 69' lang='lat' dir='ltr'><strong>lsrael</strong></span> <span class='ocrx_word' id='word_1_368' title='bbox 432 4289 468 4350; x_wconf 88' lang='lat' dir='ltr'><strong>et</strong></span> <span class='ocrx_word' id='word_1_369' title='bbox 486 4277 507 4348; x_wconf 91' lang='lat' dir='ltr'><strong>J</strong></span> <span class='ocrx_word' id='word_1_370' title='bbox 510 4275 583 4350; x_wconf 90' lang='lat' dir='ltr'><strong>uda</strong></span> <span class='ocrx_word' id='word_1_371' title='bbox 599 4301 665 4376; x_wconf 86' lang='lat' dir='ltr'><strong>per</strong></span> <span class='ocrx_word' id='word_1_372' title='bbox 680 4275 1023 4354; x_wconf 87' lang='lat' dir='ltr'><strong>Nabuchodonosor</strong></span> <span class='ocrx_word' id='word_1_373' title='bbox 1048 4289 1086 4349; x_wconf 88' lang='lat' dir='ltr'><strong>et</strong></span> <span class='ocrx_word' id='word_1_374' title='bbox 1114 4275 1314 4351; x_wconf 78' lang='lat' dir='ltr'><strong>Chaldaeos.</strong></span> <span class='ocrx_word' id='word_1_375' title='bbox 1332 4277 1442 4352; x_wconf 86' lang='lat' dir='ltr'><strong>Unde</strong></span> 
     </span>
    </p>
   </div>
   <div class='ocr_carea' id='block_1_5' title="bbox 0 0 2254 5462">
    <p class='ocr_par' dir='ltr' id='par_1_18' title="bbox 0 0 2254 5462">
     <span class='ocr_line' id='line_1_43' title="bbox 0 0 2254 5462; baseline 0 11"><span class='ocrx_word' id='word_1_376' title='bbox 0 0 2254 5462; x_wconf 95' lang='lat' dir='ltr'><strong> </strong></span> 
     </span>
    </p>
   </div>
  </div>
 </body>
</html>
