4452 5462
584 491 587 496 1
661 334 761 502 ‘'29'4
880 377 1148 467 TITULUS
1198 372 1326 463 CLX.
1388 373 1559 490 Strages
1599 367 1847 464 hominum.

685 521 1151 546 μ*

480 629 580 686 matu.
600 629 626 686 a.
725 611 884 708 Spiritus
911 611 1031 682 malus
1062 609 1151 682 fecit
1181 606 1374 679 hominem
1400 592 1662 711 saevumet
1678 589 1883 678 crudelem.

479 721 544 774 Luc·
556 719 582 770 8·
724 709 829 780 Facit
850 733 1000 804 quoque
1027 707 1220 779 hominem
1247 699 1506 807 immundum..
1532 695 1627 766 Nam
1652 697 1709 770 illi
1736 701 1814 776 duo
1838 701 2076 788 daemoniaci

678 805 770 880 saevi
802 806 915 878 nimis
950 805 1171 876 habitabant
1203 803 1245 874 in
1273 805 1547 886 monumentis,
1568 803 1605 864 et
1638 793 1829 876 daeniones
1867 806 2076 898 petierunt

550 921 555 934 '
677 903 818 976 intrare
848 905 890 974 in
916 925 1065 997 porcos,
1083 925 1162 972 non
1183 899 1222 970 in
1248 921 1374 991 agnos.
1608 987 1615 1000 Ι

726 999 839 1071 Unus
873 1023 1003 1070 eorum
1034 996 1229 1085 famosior,
1252 993 1478 1068 vestimento
1503 987 1916 1086 n0n1nduebatur,in
1945 999 2071 1078 domo

678 1120 757 1170 non
788 1092 999 1186 habitabat,
1021 1093 1258 1168 vinciebatur
1291 1087 1449 1176 eatenis,
1475 1096 1514 1156 et
1542 1085 1786 1180 compedibus
1817 1095 2064 1194 custoditus,

680 1193 791 1265 etiam
818 1191 940 1288 ruptis
966 1187 1132 1266 vinculis
1156 1186 1335 1281 agebatur
1356 1207 1378 1254 a
1399 1180 1585 1254 daemonio
1606 1180 1849 1260 indeserta:

512 1321 524 1352 a
576 1319 600 1368 7·
726 1287 831 1358 Facit
853 1311 1003 1383 quoque
1025 1285 1218 1356 hominem
1245 1304 1389 1353 coecum
1422 1289 1459 1349 et
1488 1288 1650 1385 mutum.
1685 1281 1782 1354 Item
1811 1308 1898 1359 cum
1925 1315 2063 1387 appre-

515 1389 528 1418 ³
576 1401 583 1417 ·
620 1401 627 1419 ·
678 1382 854 1457 henderit
873 1407 978 1474 eum,
996 1380 1115 1454 allidit
1134 1397 1239 1471 eum,
1258 1371 1672 1472 etspumat,etstridet
1688 1373 1933 1472 dentibus,et
1955 1411 2060 1462 ares-

506 1453 546 1486 uc'
577 1471 584 1486 ⁸
680 1483 749 1571 cit,
768 1492 806 1553 ct
821 1478 1039 1577 frequenter
1050 1503 1137 1550 eum
1147 1475 1189 1546 in
1201 1497 1336 1570 aquam
1349 1483 1385 1543 et
1397 1473 1438 1542 in
1457 1471 1581 1580 ignem
1600 1470 1791 1564 mittit,ut
1806 1503 1889 1550 eum
1909 1483 2054 1575 perdat.

513 1609 526 1640 a
573 1609 633 1660 ψ
727 1576 872 1648 Laudes
906 1575 1157 1672 malignorum
1181 1571 1382 1669 spirituum
1397 1567 1583 1640 Dominus
1610 1569 1801 1644 recusabat
1820 1598 1829 1641 :
1846 1575 2052 1652 Obmutes-

512 1674 1036 1766 m·Qmmww

504 1785 582 1832 Μ
614 1841 617 1847 ,
727 1770 952 1843 Potestatem
980 1767 1194 1838 daemonum
1221 1787 1377 1858 parvam
1399 1779 1499 1852 esse,
1515 1783 1564 1831 ex
1579 1757 1651 1831 boe
1665 1771 1780 1856 patet,
1794 1763 1897 1858 quod
1913 1766 2047 1842 necin

611 1865 620 1884 '
677 1889 809 1960 porcos
831 1871 1037 1958 potuerunt
1057 1862 1215 1952 intrare,
1227 1859 1302 1930 nisi
1345 1859 1435 1930 etita
1452 1881 1474 1926 a
1490 1855 1641 1928 Christo
1652 1857 1867 1950 licentia,et
1884 1859 2048 1937 obtenta.

502 1945 546 2018 hc.
575 1991 616 2016 ··
727 1959 926 2033 Prohibuit
948 1957 1153 2046 Dominus,
1167 1979 1217 2026 ne
1245 1884 1450 2048 gauderent
1474 1951 1666 2048 discipuli,
1684 1956 1717 2026 si
1745 1956 1898 2052 spiritus
1919 1958 2052 2056 malig-

505 2053 545 2085 “’
572 2053 599 2084 ⁰·
677 2056 720 2127 ni
748 2055 1025 2152 subjicerentur
1053 2051 1124 2148 eis,
1141 2049 1250 2149 quasi
1275 2047 1348 2122 hoc
1378 2072 1557 2145 magnum
1586 2049 1633 2121 ab
1660 2050 1713 2124 eis
1738 2077 1818 2131 nou
1839 2051 1971 2128 debeat
1988 2083 2050 2131 re-

703 2152 812 2224 utari.
1747 2163 1760 2184 '

676 2175 701 2247 p
726 2245 1207 2346 Puellaquaedam,habens
1215 2245 1389 2344 spiritum
1400 2243 1631 2343 pythonem,
1646 2243 1965 2324 clamabatmultis
1976 2249 2051 2326 die·

677 2345 749 2418 bus
760 2357 845 2441 post
860 2345 1020 2420 Paulum
1033 2357 1070 2418 et
1087 2345 1204 2416 socios
1216 2346 1307 2440 ejus:
1327 2341 1465 2414 Dolens
1481 2353 1607 2415 autern
1619 2341 1759 2417 Paulus
1772 2369 1976 2424 conversus
1993 2363 2050 2423 est

677 2442 725 2515 ad
738 2443 930 2540 spiritum,
946 2455 982 2516 et
994 2441 1094 2515 dixit
1107 2466 1114 2509 :
1129 2440 1246 2513 Praeci
1273 2441 1309 2512 io
1321 2439 1391 2511 tibi
1402 2437 1443 2510 in
1453 2437 1663 2530 virtute,et
1674 2441 1715 2512 in
1731 2443 1885 2516 nomine
1896 2446 2050 2518 Domini

676 2542 799 2613 nostri
814 2539 904 2612 Jesu
924 2539 1083 2629 Christi,
1099 2537 1204 2609 exire
1221 2467 1271 2609 ad
1284 2561 1345 2630 ea,
1363 2545 1401 2606 et
1416 2535 1511 2606 exiit
1539 2533 1668 2608 eadem
1682 2535 1788 2610 hora.
1811 2537 1908 2612 Nota
1937 2565 1946 2609 ε
1964 2539 2051 2615 Non

677 2638 833 2709 curabat
860 2635 999 2710 Paulus
1026 2632 1236 2708 doctrinam
1262 2631 1433 2709 veritatis
1459 2629 1674 2707 confirmari·
1689 2660 1757 2732 per
1777 2635 1951 2733 spiritum
1974 2637 2050 2712 fal-

676 2730 809 2806 sitatis.

713 2829 889 2919 'Quidam
912 2828 1036 2903 Judaei
1061 2839 1307 2904 tentaverunt
1328 2829 1505 2903 invocare
1536 2853 1646 2924 super
1665 2853 1742 2916 eos,
1757 2828 1823 2920 qui
1846 2827 2043 2900 habebant

677 2924 831 3016 spiritus
840 2925 974 3010 malos,
986 2951 1125 2998 nomen
1133 2924 1286 2996 Domini
1301 2925 1421 2996 nostri
1433 2922 1454 2994 J
1456 2949 1520 2998 esu
1530 2921 1680 3012 Christi,
1693 2920 1855 2992 dieentes
1865 2944 1872 2988 :
1884 2919 1953 3016 Adj
1959 2947 2033 2994 uro

676 3039 746 3089 vos
764 3038 830 3106 per
844 3013 992 3108 Jesum,
1029 3039 1115 3086 uem
1128 3016 1269 3088 Paulus
1287 3018 1474 3114 praedicat.
1493 3015 1721 3114 Respondens
1737 3028 1863 3088 autem
1878 3016 2038 3108 spiritus
2121 3027 2124 3036 ’

675 3133 840 3207 nequam
858 3108 960 3183 dixit
976 3135 984 3181 :
1004 3041 1134 3184 iesum
1153 3113 1262 3207 novi,
1277 3125 1315 3188 et
1333 3115 1494 3189 Paulum
1508 3115 1599 3208 scio,
1616 3139 1684 3190 vos
1700 3125 1824 3186 autem
1840 3110 1907 3213 qui
1920 3111 2043 3184 estis?

674 3219 713 3280 et
723 3205 894 3280 insiliens
907 3209 948 3280 in
964 3233 1026 3280 eos
1041 3206 1158 3282 homo
1170 3263 1179 3302 ,
1191 3209 1232 3282 in
1253 3237 1331 3308 quo
1346 3224 1426 3284 erat
1443 3209 1670 3284 daemonium
1685 3209 1906 3308 pessimum,
1924 3205 2045 3282 domi-

672 3315 785 3378 natus
808 3316 865 3376 est
889 3329 1038 3397 eorum,
1058 3317 1094 3376 et
1113 3305 1277 3381 invaluit
1291 3319 1424 3382 contra
1439 3331 1502 3381 eos
1515 3359 1526 3403 ,
1541 3306 1648 3402 adeo,
1667 3303 1769 3406 quod
1789 3301 1884 3381 nudi
1898 3315 1937 3378 et
1954 3303 2045 3382 vul!

616 3419 622 3428 ·
671 3401 795 3474 nerati
812 3400 1026 3476 recederent
1044 3427 1068 3474 a
1088 3400 1201 3474 domo
1225 3403 1300 3476 itta

936 3571 941 3578 ’
1054 3581 1394 3672 TITULUS
1451 3581 1604 3672 CLX.
1672 3579 1675 3586 ⁴

1116 3759 1284 3874 Strages
1325 3763 1551 3851 hominum.

749 3751 756 3800 t

532 3967 538 3984 ·
570 3970 578 3987 ·
671 3889 887 4024 Terribilis
906 3949 1106 4024 hominum
1126 3962 1163 4024 et
1179 3951 1341 4028 aliorum
1360 3955 1579 4030 animalium
1607 3965 1747 4050 strages
1768 3950 1857 4044 fuit,
1884 3949 2043 4048 quando

573 4089 584 4140 ·.
674 4055 842 4142 tempore
858 4047 937 4121 Noe
959 4073 1089 4120 ornnes
1111 4045 1303 4144 homines,
1351 4065 1459 4126 raeter
1477 4063 1576 4144 octo,
1595 4051 1741 4127 diluvio
1764 4047 1969 4146 perierunt.

582 4169 588 4188 ·
718 4141 778 4216 Illi
801 4155 965 4240 quatuor
983 4168 1104 4239 reges,
1124 4144 1192 4240 qui
1214 4078 1496 4222 debeliiverunt
1519 4151 1688 4246 quinque
1716 4169 1843 4242 reges,
1866 4168 2040 4240 magnam

670 4237 807 4312 caedem
839 4239 1040 4313 hominum
1071 4237 1263 4336 fecerunt,
1285 4243 1472 4320 veniendo
1502 4271 1623 4342 usque
1644 4243 1753 4336 illuc,
1775 4253 1813 4317 et
1836 4237 2041 4340 pugnaudo

669 4347 798 4412 contra
818 4334 925 4433 illos,
954 4335 1042 4432 licet
1064 4362 1195 4416 eorum
1216 4365 1399 4420 numerus
1413 4342 1564 4420 nonsit
1588 4340 1758 4439 scriptus.
