4498 5462
684 303 766 384 rso
945 294 1209 381 strutus
1248 231 1438 380 rcvtn.
1481 291 1782 380 messanum.

490 542 516 594 s.
531 543 594 607 reg.
608 553 650 588 υ.
734 519 892 613 Spiritus
910 519 1074 592 mendax
1088 520 1130 591 in
1153 544 1215 592 ore
1233 516 1435 590 multorum
1453 515 1719 611 prophetarum
1739 519 1883 614 decepit
1895 519 2049 616 Achab,

686 626 730 686 ut
752 615 823 686 iret
845 615 891 686 ad
917 639 1091 710 pugnam.
1116 619 1165 688 Et
1187 611 1324 686 ibidem
1348 609 1422 684 suit
1448 635 1643 704 percussus
1676 612 1723 683 ad
1749 628 1919 686 mortem.

489 724 591 778 cuuth.
611 741 651 776 to·
733 709 806 779 Per
831 710 962 800 verba,
993 734 1077 808 quae
1104 709 1204 782 dixit
1235 705 1370 779 Judith
1402 705 1609 797 Holoferni,
1641 707 1786 804 decepit
1812 735 1913 781 eum.
1943 709 2049 783 Licet

688 817 889 876 excusetur
918 819 1068 901 propter
1097 804 1503 895 intentionen1,quam
1536 801 1683 876 habuit.

488 910 564 962 Esth·
586 911 610 960 3·
736 899 942 971 Pessimum
965 899 1200 974 mendacium
1223 897 1417 970 adinvenit
1441 901 1580 984 Amen,
1601 910 1645 968 ut
1673 909 1799 993 posset
1816 897 2047 974 confundere

688 993 986 1086 Mardochaeum,
1009 1022 1053 1066 eo
1105 995 1180 1068 uod
1203 994 1309 1066 illum
1337 990 1488 1062 adorare
1518 990 1682 1062 nolebat.

490 1097 584 1146 lcum·
597 1094 639 1161 4²·
736 1089 981 1160 Accesserant
1007 1091 1053 1160 ad
1078 1024 1274 1162 ieremiam
1298 1086 1483 1180 principes
1508 1097 1545 1158 et
1566 1083 1729 1176 vulgus,
1750 1087 1852 1178 quod
1868 1091 2046 1162 remansit

688 1194 770 1278 post
787 1183 1076 1258 destructionem
1097 1185 1319 1271 Jerusalem,
1334 1191 1370 1252 et
1390 1180 1591 1266 dixerunt,
1609 1203 1648 1248 se
1666 1177 1852 1270 facturus,
1889 1183 2047 1279 uidquid

688 1279 751 1349 ille
772 1281 986 1373 praeciperet
1016 1281 1082 1368 eis,
1102 1280 1181 1354 sive
1208 1281 1350 1351 bonum
1383 1287 1501 1365 esset,
1526 1275 1606 1347 sive
1632 1272 1786 1346 malum.
1816 1210 1889 1350 Sed
1909 1279 2049 1373 largam

690 1373 973 1467 promissionem
1002 1375 1097 1446 male
1126 1385 1341 1446 tenuerunt.
1597 1390 1601 1396 ·

516 1504 529 1536 a
584 1504 622 1536 ι.
736 1467 990 1540 Perniciosum
1018 1481 1055 1539 et
1085 1465 1297 1540 detestabile
1319 1465 1555 1538 mendacium
1581 1461 1759 1535 dixerrmt
1782 1463 1856 1535 duo
1880 1468 2046 1561 presby-

688 1565 760 1638 teri
795 1585 899 1634 senes
931 1563 1109 1636 adversus
1135 1564 1360 1650 Susannam,
1382 1583 1496 1654 quam
1523 1569 1646 1628 tamen
1664 1582 1713 1628 ex
1739 1561 2039 1640 coristantissima

690 1658 856 1730 castitate
883 1657 1142 1728 commendare
1165 1657 1358 1728 debebant.

737 1747 946 1848 Antiochus
970 1777 1040 1822 rex
1070 1752 1171 1823 misit
1200 1749 1637 1848 principes0tributorum
1657 1747 1700 1818 iu
1731 1748 1901 1820 civitates
1922 1748 2054 1844 luda,

623 1911 626 1916 Α
691 1858 727 1919 et
754 1844 922 1919 venitin
949 1846 1170 1938 Jerusalem,
1191 1860 1227 1919 et
1252 1847 1401 1918 locutus
1426 1858 1483 1916 est
1509 1842 1555 1914 ad
1587 1867 1648 1912 eos
1675 1841 1790 1914 verba
1822 1841 1981 1936 pacifica
2006 1846 2050 1917 in

690 1940 796 2032 dolo,
818 1951 854 2012 et
884 1939 1122 2014 crediderunt
1150 1945 1206 2034 ei,
1231 1954 1269 2015 et
1298 1941 1410 2014 irruit
1439 1965 1551 2034 super
1580 1937 1770 2008 civitatem
1802 1941 1981 2033 repente,
2011 1952 2050 2014 et

683 2037 872 2134 percussit
892 2061 972 2107 eam
998 2037 1105 2132 plagi
1125 2039 1279 2134 magni,
1295 2033 1456 2131 perdidit
1485 2060 1532 2107 ue
1554 2030 1734 2128 populum
1756 2031 1934 2114 multum.

492 2161 513 2194 ι.
528 2145 613 2198 uach.
627 2147 654 2198 6.
738 2132 833 2206 Cum
855 2130 1039 2204 obsideret
1059 2133 1267 2207 Antiochus
1287 2061 1698 2226 Eupatorqlcrusalem,
1714 2139 1758 2198 ut
1776 2140 1903 2222 posset
1921 2154 2051 2228 capere

690 2255 792 2320 eam,
815 2229 915 2300 misit
943 2227 989 2299 ad
1016 2228 1117 2318 illos,
1133 2233 1199 2325 qui
1229 2238 1336 2301 erant
1356 2228 1481 2316 intus,
1500 2247 1629 2320 pacem
1647 2219 1789 2314 facere,
1807 2237 1846 2296 et
1869 2239 2044 2320 ceperunt

689 2327 813 2416 illam,
838 2338 874 2397 et
899 2325 1042 2419 juravit
1070 2325 1145 2396 illis
1173 2351 1244 2398 rex
1270 2335 1307 2395 et
1328 2322 1537 2417 principes,
1569 2316 1633 2391 sed
1665 2319 1770 2413 rupit
1797 2321 1906 2393 citius
1941 2323 2044 2415 jura-

688 2435 860 2496 mentum
887 2432 924 2492 et
947 2421 1141 2493 mandavit
1167 2421 1311 2493 destrui
1337 2441 1500 2490 murum.

738 2517 918 2600 Alcimus,
963 2516 1003 2580 ui
1020 2515 1141 2582 voluit
1153 2514 1234 2582 fieri
1252 2534 1421 2582 summus
1434 2511 1618 2599 sacerdos,
1636 2510 1736 2592 dixit
1748 2511 1827 2606 regi
1838 2513 2049 2606 Demetri03

688 2605 854 2679 Perdidit
874 2607 894 2674 J
899 2630 923 2673 u
950 2627 989 2674 as
1007 2615 1044 2674 et
1064 2602 1196 2676 fratres
1214 2608 1296 2700 ejus
1323 2608 1460 2678 amicos
1478 2618 1573 2680 tuos.
1596 2605 1740 2680 Deinde
1760 2605 1857 2678 idem
1880 2608 2045 2680 venitin

689 2714 825 2773 terram
844 2697 942 2772 luda
962 2723 1048 2770 eum
1067 2697 1228 2772 Bachide
1249 2713 1285 2773 et
1308 2701 1490 2792 miserunt
1509 2703 1668 2775 nuncios
1695 2701 1741 2774 ad
1762 2701 1894 2772 ludam
1910 2713 1947 2772 et
1962 2699 2041 2773 fra-

689 2808 764 2868 tres
783 2798 881 2888 ejus,
897 2805 933 2863 ct
948 2794 1064 2864 locuti
1090 2806 1179 2864 sunt
1198 2795 1323 2868 verbis
1346 2794 1507 2888 pacificis
1530 2799 1570 2868 in
1597 2798 1700 2885 dolo,
1719 2807 1753 2866 et
1776 2793 1921 2866 tandem
1948 2821 2041 2891 pro-

689 2887 820 2958 batum¹
843 2899 916 2975 est,
931 2886 1038 2979 ‘quod
1058 2911 1136 2958 nou
1159 2891 1294 2961 eratin
1317 2890 1369 2960 eis
1389 2891 1526 2965 vetitas
1549 2907 1586 2965 et
1615 2891 1801 2989 judicium.

495 3009 513 3040 ι.
528 2991 616 3043 Mach·
632 3007 672 3042 υ·
737 2981 912 3053 Promisit
930 2981 1139 3054 Demetrius
1156 2984 1343 3076 Jonathae,
1365 2986 1466 3082 quod
1483 2987 1652 3060 redderet
1665 2987 1701 3058 ei
1715 3009 1855 3058 arcem:
1869 2985 1936 3058 sed
1953 3009 2045 3060 cum

689 3077 867 3150 liberatus
889 3074 1020 3148 suisset
1039 3103 1104 3172 per
1131 3079 1302 3172 ludaeos,
1323 3107 1415 3176 quos
1437 3086 1537 3156 misit
1562 3081 1765 3172 Jonathas‚
1787 3083 1969 3153 mentitus
1989 3094 2047 3154 est

606 3167 611 3180 ’
689 3173 899 3244 Demetrius
919 3173 1060 3262 onmia,
1088 3199 1321 3269 quaecunque
1348 3177 1470 3270 dixit,
1492 3191 1528 3250 et
1551 3179 1729 3253 alienavit
1753 3175 1838 3249 seb
1869 3175 2045 3248 Jonatha.

384 3349 392 3366 ⁶
493 3299 512 3330 1·
528 3279 670 3332 uacuus.
737 3269 837 3341 Misit
860 3269 986 3342 Simon
1005 3269 1204 3364 Tryphoni
1229 3284 1378 3344 centum
1406 3272 1545 3346 talenta
1568 3277 1732 3370 argenti,
1759 3285 1796 3346 et
1823 3271 1914 3345 duos
1940 3270 2039 3342 filios

688 3364 711 3435 J
712 3363 877 3458 onathae,
891 3389 960 3530 pro
975 3361 1191 3436 liberatione
1207 3365 1342 3461 ipsius,
1363 3367 1452 3464 quia
1467 3373 1686 3466 promiserat
1708 3365 1888 3466 Tryphon
1907 3365 2039 3438 remit-

688 3474 766 3532 tere
783 3461 893 3532 Jonat
924 3483 1002 3549 am,
1026 3461 1057 3530 si
1078 3458 1151 3530 hoc
1173 3460 1278 3533 fieret
1300 3462 1343 3534 ei.
1365 3461 1434 3535 Sed
1460 3469 1638 3538 mentitus
1658 3477 1713 3538 est
1731 3461 1932 3560 Tryphon,
1948 3461 2046 3557 quis.
2075 3527 2080 3534 .

688 3561 882 3652 argentum
905 3556 1082 3646 retinuit,
1106 3569 1143 3626 et
1167 3567 1310 3652 patrem
1339 3583 1424 3630 cum
1448 3559 1535 3632 liliis
1560 3560 1759 3633 interfecit.

492 3659 587 3711 Matth·
613 3677 652 3711 1¹·
736 3654 883 3724 Mentiti
905 3663 995 3725 sunt
1014 3662 1143 3724 contra
1166 3653 1368 3725 Dominum
1388 3653 1515 3726 Jesum
1534 3655 1675 3747 Judaei,
1697 3655 1883 3752 praecipue
1906 3651 2044 3726 Scn'bae

491 3735 553 3842 ,¹fo
572 3743 618 3844 ²2²,
690 3759 727 3817 et
747 3745 946 3836 Pharisaei,
973 3749 1040 3842 qui
1061 3746 1176 3840 magis
1196 3746 1417 3821 invidebant
1437 3751 1488 3838 ei,
1509 3751 1671 3822 dicentes
1694 3777 1779 3822 euru
1802 3773 1880 3822 esse
1943 3760 2049 3820 tato-

490 3861 556 3911 Josn
575 3861 602 3910 s.
620 3867 669 3911 etc.
689 3867 790 3930 rem,
811 3841 1047 3932 mendacem,
1067 3849 1256 3934 voracem,
1278 3854 1315 3913 et
1337 3840 1596 3938 prohibentem
1617 3845 1760 3919 tributa
1786 3843 1867 3917 dari
1915 3843 2045 3934 assari,

564 3961 570 3974 ’
687 3939 808 4103 {entis
828 3937 1109 4028 subversorem,
1132 3950 1169 4008 et
1196 3938 1392 4012 turbarum
1419 3938 1672 4033 seductorem,
1698 3941 1973 4012 demoniacum
2003 3947 2043 4008 et

713 4032 956 4128 lasphemum.
1109 4043 1112 4048 '

490 4137 590 4192 uatis.
609 4139 650 4192 ss.
735 4126 1014 4222 Nequissimum
1026 4128 1260 4201 mendacium
1274 4131 1581 4224 excogitaverunt
1597 4129 1732 4220 Judaei,
1744 4129 2035 4228 quando'corm-

686 4233 823 4317 perunt
846 4221 1015 4294 custodes
1039 4224 1215 4298 dominici
1236 4225 1412 4322 sepulcri,
1441 4237 1483 4296 ut
1512 4225 1696 4319 dicerent,
1727 4227 1829 4324 quod
1863 4219 2046 4320 discipula

686 4316 730 4387 de
756 4329 864 4391 nocte
887 4315 1003 4392 furati
1025 4319 1181 4395 fuerunt
1211 4343 1346 4416 corpus
1369 4322 1529 4394 Domini.
