4498 5462
709 417 785 502 166
866 412 1131 502 TITULUS
1162 407 1403 498 LXXXIX.
1437 406 1654 517 Laerymae
1684 421 1726 489 et
1754 405 1891 500 fletus.

870 541 2056 584 Μ

504 662 600 716 rann.
619 657 673 712 a'
752 643 833 715 Rex
861 652 898 714 et
918 637 1104 734 Propheta
1129 637 1252 712 David
1282 635 1445 710 habeb'at
1475 634 1521 707 de
1548 630 1728 729 lacrymis
1756 637 1834 710 suis
1855 637 2062 721 lavacrum,

703 738 855 810 Lavabo
881 761 948 831 per
978 735 1142 830 singulas
1187 746 1315 807 noctes
1345 732 1485 806 lectum
1513 753 1665 819 meum,
1693 740 1731 801 et
1764 728 1943 832 lacrymis
1967 742 2062 814 meis

705 844 864 904 stratum
894 856 1021 903 meum
1053 830 1190 926 rigabo.
1747 882 1752 888 .

482 995 485 1002 ,
527 981 573 1012 „‚
618 973 639 1004 ,.
752 925 922 1000 Fuerunt
938 927 974 998 ei
993 925 1212 998 alimentum
1236 935 1273 995 et
1318 933 1414 996 otus.
1442 921 1612 993 Fuerunt
1634 917 1733 992 mihi
1750 919 1930 1023 lacrymae
1951 951 2067 1022 panes

517 1055 573 1100 a..
597 1067 638 1115 ς.
704 1022 764 1094 die
786 1047 828 1092 ac
846 1035 966 1094 nocte.
993 1022 1129 1093 Potum
1151 1020 1259 1091 nobis
1308 1017 1386 1089 abis
1406 1015 1447 1087 in
1463 1013 1645 1111 lacrymis
1663 1015 1708 1087 in
1724 1042 1913 1092 mensura
1938 1023 1987 1094 Et
2004 1023 2067 1096 ali-

566 1177 573 1193 .
596 1125 677 1193 101(
703 1120 743 1188 bi
766 1141 774 1185 ι
799 1116 982 1192 Poculum
1004 1140 1131 1187 meum
1151 1138 1238 1184 cum
1252 1111 1345 1183 fletu
1364 1109 1574 1182 miscebam.
1600 1109 1713 1182 Unde
1732 1137 1867 1188 versus
1890 1115 2067 1213 vulgatus

703 1211 827 1283 habet.
850 1212 947 1281 Huic
969 1211 1148 1304 lacrymae
1170 1207 1387 1294 lavacrum,
1408 1206 1539 1298 panis,
1565 1215 1752 1302 potusque
1778 1207 1948 1284 fuerunt.

751 1305 918 1378 Ploravit
935 1306 1047 1374 etiam
1062 1301 1184 1376 David
1203 1300 1322 1372 vitam
1341 1323 1448 1396 suam
1467 1298 1679 1372 recolendo:
1692 1303 1792 1376 Deus
1803 1304 1924 1379 vitam
1943 1331 2065 1382 meam

704 1398 931 1474 annuntiavi
957 1398 1052 1488 tibi,
1074 1395 1234 1492 posuisti
1254 1392 1441 1493 lacrymas
1462 1419 1564 1468 meas
1582 1395 1624 1466 in
1647 1409 1851 1493 conspectu
1871 1413 1947 1474 tuo.

752 1498 847 1567 Item
866 1492 1026 1566 coelestis
1048 1492 1177 1588 patriae
1192 1487 1431 1566 recordando.
1455 1492 1575 1587 Super
1593 1489 1752 1564 flumina
1766 1493 1968 1591 Babylonis
1983 1494 2063 1568 illic

707 1591 871 1664 sedimus
892 1600 929 1661 et
950 1587 1138 1662 flevimus.
1885 1641 1894 1656 .

753 1689 848 1758 Item
864 1684 1005 1758 orando
1023 1685 1228 1756 Dominum
1244 1707 1251 1751 :
1272 1679 1424 1756 Exaudi
1439 1681 1597 1756 Domine
1613 1679 1901 1777 deprecationem
1918 1707 2060 1776 meam,

706 1782 861 1854 auribus
887 1780 1033 1875 percipe
1060 1779 1247 1878 lacrymas
1273 1803 1384 1852 meas.
1414 1781 1463 1853 Et
1485 1779 1601 1852 alibi:
1626 1779 1812 1852 Ploremus
1837 1801 1964 1852 coram
1983 1781 2066 1853 Do-

706 1877 827 1968 mino',
846 1875 913 1972 qui
938 1873 1028 1948 fecit
1049 1899 1129 1948 nos.
1736 1889 1738 1896 '
1893 1895 1899 1906 ·

756 1971 898 2046 Videns
924 1972 1041 2062 Isaiae
1068 1969 1359 2045 destructionem
1387 1969 1516 2066 populi
1539 1972 1621 2064 sui,
1652 1967 1795 2042 dicebat
1819 1967 2021 2044 :Recedite
2048 1996 2073 2046 a

653 2153 657 2161 ,
707 2091 792 2159 me,
821 2070 945 2234 amaffi
967 2065 1074 2139 flebo.
1101 2066 1224 2138 Nolite
1246 2065 1485 2158 incumbere,
1512 2079 1556 2142 ut
1585 2063 1828 2140 consolemini
1850 2089 1939 2159 me,
1961 2091 2072 2164 super

708 2157 884 2238 vastitate
946 2163 992 2234 iae
1022 2162 1152 2258 populi
1176 2163 1261 2234 mei.

757 2259 866 2332 Dixit
877 2258 1071 2331 Ieremias:
1084 2255 1221 2332 Audite
1233 2269 1271 2330 et
1285 2257 1444 2350 autibus
1452 2259 1552 2354 perci
1578 2259 1647 2349 ite,
1665 2255 1796 2330 nolitis
1807 2253 1969 2350 elevari,
1982 2257 2072 2354 quia

710 2354 894 2427 Dominus
910 2352 1060 2426 locutus
1079 2367 1144 2426 est.
1162 2352 1359 2450 Sequitur:
1372 2352 1483 2444 Quod
1499 2355 1532 2427 si
1546 2285 1619 2428 lios
1635 2378 1714 2425 non
1725 2351 1918 2424 audieritis
1928 2354 1968 2426 in
1983 2353 2070 2427 abs-

710 2447 879 2540 condito,
894 2448 1054 2543 plorabit
1070 2451 1195 2523 anima
1205 2473 1289 2522 mea
1305 2447 1434 2522 afacie
1450 2451 1641 2544 superbiae.
1657 2448 1814 2522 Plorans
1829 2447 1985 2544 plorabit
1997 2459 2066 2522 etc.

530 2601 571 2634 ‘¹‘
644 2615 652 2631 ·
712 2543 1263 2728 a.il¹ll{.ltl⁶.ll⁵0il.lilssl⁰li
1279 2541 1962 2714 tt.tt.lt.⁶sttl.t.t¹lt.¹“t.t.'tts
1975 2544 2071 2636 0⁰³⁸

556 2783 583 2816 „
637 2779 657 2812 ι,
761 2729 855 2800 Item
883 2728 1050 2802 etmulti
1073 2731 1232 2823 gemitus
1256 2755 1264 2801 ε
1292 2730 1435 2805 idcirco
1461 2757 1528 2828 ego
1552 2735 1724 2832 plorans,
1751 2664 1937 2810 eiyocutus
1958 2759 2068 2808 meus

713 2821 901 2896 deducens
931 2847 1079 2918 aquam.
1116 2825 1323 2920 Sequitur:
1351 2826 1461 2900 Multi
1484 2832 1644 2924 gemitus
1665 2831 1760 2926 mci,
1787 2842 1824 2903 et
1852 2854 2066 2906 cormeum

713 2941 886 2989 moerens.

558 3049 584 3084 a
658 3064 665 3079 .
761 3013 811 3083 Et
822 3011 970 3084 clamosi
988 3009 1173 3110 singultus
1188 3007 1413 3091 :divisiones
1430 3044 1613 3116 aquarum
1629 3021 1784 3097 deduxit
1800 3019 1932 3096 oculus
1943 3047 2063 3098 meus.

714 3106 913 3203 Sequitur:
934 3105 989 3180 Ne
1008 3121 1154 3183 avertas
1168 3109 1302 3184 faciem
1320 3137 1441 3188 meam
1462 3141 1485 3187 a
1502 3120 1643 3212 gemitu
1663 3133 1701 3192 et
1723 3118 1956 3192 clamoribus.

515 3214 615 3266 raas.
639 3227 665 3263 2·
761 3203 810 3276 Et
827 3203 1022 3276 oculorum
1041 3203 1231 3296 defectus:
1257 3205 1474 3285 defecerunt
1502 3239 1580 3310 prae
1601 3214 1780 3312 lacrymis
1797 3214 1897 3289 oculi
1916 3217 2005 3310 mei,
2033 3226 2074 3288 et

713 3299 935 3371 conturbata
952 3313 1042 3374 sunt
1062 3302 1208 3377 viscera
1228 3327 1321 3375 mea.

397 3441 401 3446 -
515 3413 586 3464 nan.
601 3425 643 3461 ιο.
687 3423 694 3436 ·
761 3394 839 3490 Ego
860 3393 993 3466 Daniel
1007 3395 1179 3492 lugebam
1200 3398 1318 3472 trium
1341 3397 1660 3480 hebdomadarum
1679 3406 1828 3501 diebus,
1846 3402 2068 3503 panem-de-

673 3583 677 3590 .
713 3487 946 3564 siderabilem
968 3515 1047 3565 non
1064 3492 1225 3587 comedi,
1244 3506 1282 3569 et
1299 3518 1385 3570 caro
1406 3509 1444 3572 et
1465 3501 1601 3576 vinum
1621 3528 1701 3578 non
1724 3503 1949 3578 introierunt
1965 3501 2010 3575 in
2024 3526 2073 3574 os

710 3609 849 3658 meum.

514 3683 585 3732 Μ·
606 3676 645 3728 ¹³·
760 3680 916 3755 Flebant
927 3684 1036 3757 amici
1049 3685 1244 3777 Susannae,
1259 3709 1347 3760 cum
1359 3688 1531 3765 viderent
1566 3693 1779 3806 resbyterus
1791 3693 1971 3771 adversus
1987 3716 2074 3768 eam

712 3777 971 3849 testimonium
984 3780 1211 3874 prolaturos,
1228 3783 1299 3856 eti
1327 3807 1367 3855 sa
1386 3788 1498 3860 etiam
1525 3717 1620 3863 tiens
1646 3792 1814 3888 inspexit
1836 3791 1879 3866 in
1902 3789 2069 3890 caelum,

713 3881 792 3941 erat
817 3875 916 3944 enim
940 3897 1006 3946 cor
1021 3878 1102 3972 ejus
1128 3875 1269 3950 habens
1316 3875 1475 3955 duciam.

517 3987 541 4024 ι·
559 3966 648 4020 Mreh·
671 3979 696 4020 ¹·
762 3965 971 4064 Antiochus
1000 3968 1089 4044 fecit
1110 3973 1152 4044 in
1178 3973 1383 4046 Jerusalem
1407 3976 1545 4052 caedem
1574 4004 1748 4078 magnam
1777 3981 2005 4076 hominum,
2032 3993 2075 4054 et

712 4057 835 4134 sactus
861 4075 917 4135 est
934 4063 1105 4159 planctus
1123 4092 1281 4162 magnus
1306 4069 1349 4140 in
1367 4071 1502 4166 Israel,
1524 4089 1562 4149 et
1585 4079 1709 4152 omnis
1731 4080 1891 4154 maritus
1906 4076 2072 4176 sumpsit

711 4153 940 4267 lamentum,
962 4171 1000 4232 et
1022 4185 1107 4329 quae
1130 4161 1306 4237 sedebant
1330 4165 1372 4239 in
1394 4166 1505 4244 thoro
1531 4174 1712 4267 maritali,
1730 4175 1920 4268 lugebant.

516 4275 541 4314 ι.
560 4259 648 4314 nach.
668 4275 693 4316 α.
759 4250 913 4326 Planxrt
938 4256 1038 4328 israe
1073 4258 1226 4352 planctu
1247 4283 1406 4356 magno,
1430 4291 1498 4362 pro
1524 4281 1643 4342 morte
1665 4269 1867 4344 Matathiae.

516 4381 539 4414 ι.
560 4363 648 4418 meh.
665 4379 692 4433 a
758 4345 964 4424 Fleveumt
985 4375 1114 4428 omnes
1136 4353 1182 4428 de
1201 4355 1315 4432 lsrael
1332 4357 1355 4431 J
1356 4359 1468 4436 udam
1485 4363 1739 4442 Macbabaeum
1756 4365 1912 4466 planctu
1928 4385 2079 4462 magno
