4452 5462
685 385 772 472 325
808 379 1076 471 TITULUS
1106 373 1372 468 CLXXVIII.
1396 369 1569 457 Veritas
1599 365 1753 454 odium
1785 377 1995 490 pariens.

1491 498 2088 533 -----.—....,
2204 504 2205 507 ,

495 629 606 688 nm
737 605 958 684 Recessuius
977 599 1115 673 Paulus
1133 599 1178 671 de
1189 597 1275 670 Asia
1292 592 1391 668 dixit
1408 585 1614 697 maioribus
1624 600 1723 662 natu
1735 615 1744 662 τ
1756 593 1830 666 Per
1844 595 2081 672 triennium

692 723 769 772 non
783 701 926 774 cessavi
945 695 1008 770 die
1025 719 1069 768 sc
1090 705 1198 768 nocte
1223 717 1311 766 cum
1333 688 1537 782 lacrymis,
1560 707 1721 758 monens
1743 713 2096 794 unumquemque·

693 791 871 869 mm
1011 875 1374 970 strutus
1422 863 1748 963 CLXXV-HL

1102 1009 1263 1092 Venias
1300 1003 1443 1086 odium
1476 1002 1663 1111 pariens·

505 1244 637 1312 ΝΜ,
697 1147 850 1276 Beluae
871 1225 943 1275 rex
960 1199 1068 1310 Moals
1091 1196 1252 1270 multum
1267 1189 1415 1265 dolebat
1430 1243 1439 1278 ,
1456 1183 1609 1286 quando
1624 1190 1779 1264 Balaam·
1796 1195 1898 1309 ima.
1913 1195 2074 1270 dioebat

698 1297 745 1370 de
765 1298 853 1372 filiis
877 1293 1023 1388 least·
1044 1295 1131 1366 hcet
1153 1301 1276 1364 essent
1296 1310 1396 1361 vera.
1425 1283 1500 1391 lieo
1519 1308 1605 1357 eum
1627 1285 1844 1382 honorant,
1868 1305 1968 1366 siout
1983 1292 2074 1365 ho-

700 1393 888 1482 norisset,
911 1391 945 1466 si
968 1391 1003 1462 ei
1025 1387 1209 1487 placentia
1231 1383 1347 1460 verbs
1367 1378 1547 1452 dixisset:
1567 1381 1974 1482 Decreveramqujdem
1987 1387 2070 1460 110.

508 1625 567 1678 Μ,
579 1643 605 1693 9
700 1498 1057 1656 noiiiiitiiaitilius
1078 1578 1262 1654 Gedeonis
1284 1573 1381 1668 fugit
1402 1595 1424 1642 a
1446 1567 1540 1642 facie
1555 1571 1770 1664 Abimelecb‚
1784 1598 1866 1645 cum
1881 1575 2055 1648 dixisset

703 1703 839 1756 verum
857 1677 904 1750 de
930 1703 993 1760 eo,
1014 1687 1058 1748 et·
1067 1675 1112 1748 de
1134 1672 1229 1759 illis,
1256 1673 1323 1764 qui
1348 1665 1444 1740 male
1462 1689 1545 1738 eum
1564 1666 1757 1759 clegerunt.

754 1771 876 1836 lretus
899 1774 955 1835 est
967 1761 1056 1834 Saul
1082 1771 1222 1836 contra⁴
1232 1761 1434 1834 Jonatham
1451 1760 1572 1832 filium
1590 1785 1722 1852 suum,
1770 1763 1834 1834 uia
1849 1757 1914 1832 ille
1932 1785 2058 1836 excu-

707 1858 812 1933 sabat
838 1855 985 1946 David,
1005 1858 1073 1951 qui
1089 1859 1178 1930 vere
1192 1857 1373 1931 innocens
1397 1867 1475 1929 erat
1496 1879 1582 1952 erga
1601 1857 1728 1952 ipsum
1817 1856 1845 1928 l.

758 1952 888 2028 Achab
914 1951 1041 2024 oderat
1067 1949 1262 2025 Michaeam
1287 1949 1529 2046 prophetam,
1554 1953 1644 2047 quia
1665 1952 1727 2026 ille
1760 1953 1904 2026 dicebat
1920 1953 2067 2028 verita-

710 2062 787 2220 ἱεοιῃ
811 2047 909 2121 sibi:
934 2073 954 2119 e
977 2071 1000 2119 o
1029 2045 1091 2214 opi
1116 2071 1203 2120 eum
1224 2045 1399 2144 (inquit)
1418 2047 1507 2142 quia
1526 2071 1723 2144 nunquam
1748 2048 1945 2148 prophetat
1969 2047 2070 2122 mihi

761 2169 854 2218 num
998 2167 1059 2216 ms
1075 2167 1150 2216 mn.
1373 2165 1375 2170 ’
1439 2163 1441 2174 ·
1597 2197 1602 2205 .

516 2285 542 2322 s.
560 2225 647 2320 raras.
663 2259 695 2312 :e
761 2198 1100 2334 Gum’increpssset
1122 2238 1285 2310 Ananias
1297 2261 1371 2406 pro
1395 2234 1484 2318 heta
1500 2238 1574 2314 Ass
1590 2265 1712 2337 regem
1735 2240 1855 2332 luda,
1875 2243 2071 2338 quincon-

713 2336 806 2410 fisus
829 2345 908 2409 erat
929 2335 970 2406 in
991 2331 1166 2405 Benadad
1190 2357 1275 2430 rege
1322 2360 1350 2431 y
1385 2353 1436 2427 ω,
1466 2331 1585 2409 iratus
1610 2349 1666 2410 est
1688 2339 1781 2430 Asa,
1804 2338 1980 2432 misitque
2009 2337 2072 2409 vi·

713 2431 865 2504 dentem
887 2431 932 2503 in·
953 2453 1125 2503 nervum.
1358 2465 1361 2472 ⁴

520 2571 698 2637 mm,
765 2525 822 2600 Ad
837 2524 1035 2622 impeiium
1048 2525 1144 2620 regis
1156 2521 1453 2619 Joas‚lapidatus
1464 2525 1722 2600 estZacharias
1733 2527 1834 2602 filius
1844 2524 2074 2621 lojadae,qui

717 2645 841 2716 regem
858 2634 896 2694 et
930 2619 1090 2714 iincipes
1101 2619 1299 2714 arguebat,
1317 2642 1386 2714 pro
1397 2641 1454 2708 ec,
1472 2619 1574 2714 quod
1583 2622 1785 2696 Dominum
1797 2623 2048 2717 reliquissent.

519 2757 627 2815 hm·
639 2753 701 2810 Μ
771 2717 868 2817 Cum
890 2647 1050 2789 ‹iixisset
1077 2714 1216 2792 Achior
1233 2711 1437 2810 magnalia,
1454 2739 1538 2808 quae
1558 2713 1692 2788 fecerat
1708 2717 1809 2789 Dens
1825 2715 1914 2788 filiis
1936 2715 2079 2805 lsrael,

709 2823 760 2884 et
790 2835 962 2905 magriam
986 2835 1064 2884 esse
1080 2814 1162 2906 ejus
1179 2821 1418 2907 potestatem,
1441 2807 1523 2880 irati
1541 2820 1627 2878 sunt
1643 2833 1769 2878 omnes
1786 2821 1977 2900 magnates
1988 2809 2082 2876 Ho-

513 1839 539 1880 ι.Υ
549 1819 613 1884 Reg.
622 1826 666 1864 πο·

518 2013 544 2064 3.
554 2011 617 2076 lteg·
632 2019 675 2057 2²·

722 2904 900 2984 lofcrnis,
929 2912 967 2964 et
996 2905 1205 2988 cogitabant
1226 2903 1431 2975 interficere
1453 2924 1547 2972 cum.
1571 2898 1786 2974 Holotemes
1809 2903 1926 2974 etium
1941 2899 2082 2995 iudig-
2220 2958 2221 2965 κ

724 2997 835 3061 natus
858 2999 913 3062 est
926 2985 1176 3062 vehementer.
1289 3019 1290 3022 ¹
1748 3073 1751 3076 ,

776 3079 918 3156 Clausit
940 3083 1137 3156 Jeremiam
1164 3087 1382 3182 prophetam
1405 3091 1446 3162 in
1466 3087 1617 3164 domum
1643 3091 1799 3163 camelis
1822 3089 1989 3164 sedecias
2007 3113 2082 3164 rex

729 3179 750 3251 J
754 3177 847 3272 uda,
866 3177 1015 3252 dicens:
1033 3178 1157 3268 Quare
1181 3183 1395 3261 vaticinaris
1415 3183 1433 3254 l
1452 3185 1596 3260 dicens:
1620 3186 1705 3258 Haec
1725 3185 1817 3260 dicit
1831 3186 2026 3259 Dominus.

529 3330 625 3381 m
640 3322 682 3376 36.
777 3274 873 3348 Cum
899 3273 1046 3370 legisset
1061 3275 1209 3348 Baruch
1229 3280 1359 3371 verba,
1377 3305 1462 3376 quae
1479 3281 1671 3378 scripserat
1686 3303 1736 3352 ex
1753 3306 1817 3352 ore
1830 3281 1997 3354 Jeremiae
2014 3303 2080 3350 co-

729 3395 808 3452 ram
832 3369 1000 3444 Joachim
1013 3395 1097 3466 rege
1113 3373 1136 3444 J
1139 3371 1211 3446 uda
1223 3429 1233 3466 ,
1246 3373 1336 3448 fecit
1351 3399 1421 3448 rex
1439 3377 1477 3448 in
1491 3380 1614 3472 ignem
1631 3375 1763 3472 projici
1773 3375 1962 3452 volumen.
1980 3373 2082 3464 Quia

524 3151 623 3202 Jcrem.
639 3141 682 3195 32·

728 3465 920 3539 dicebatur
941 3467 994 3540 ibi
1015 3469 1154 3541 veritas
1178 3468 1223 3540 de
1250 3471 1400 3544 civitate
1422 3470 1627 3544 Jerusalem
1654 3469 1841 3566 capienda,
1875 3474 1923 3543 Et
1940 3493 2081 3567 praece-
2211 3517 2212 3520 =

730 3563 785 3658 pit
808 3587 877 3635 rex
888 3561 1037 3637 Bartsch
1054 3575 1091 3635 et
1109 3563 1305 3640 Jeremiam
1326 3565 1609 3663 comprehendi,
1622 3565 1685 3640 sed
1703 3565 1782 3640 Deo
1797 3567 1966 3658 nolente,
1984 3575 2081 3638 tunc
2212 3593 2214 3601 ⁴

730 3682 808 3729 non
830 3656 984 3731 fuerunt
1002 3659 1158 3732 inventi.

535 3775 631 3826 terem.
644 3765 685 3821 ³⁸·
733 3751 737 3758 ’
783 3752 1024 3826 Postmodum
1040 3755 1148 3848 vero,
1172 3773 1256 3828 cum
1271 3758 1406 3830 iterum
1424 3755 1659 3855 prophetaret
1675 3783 1718 3830 ca
1745 3759 1879 3830 tionem
1896 3753 2083 3845 civitatis,

735 3843 872 3919 missus
894 3847 967 3920 suit
989 3851 1030 3922 in
1053 3848 1198 3942 lacum,
1226 3851 1293 3924 ubi
1314 3863 1391 3926 non
1404 3867 1484 3927 eret
1499 3876 1617 3948 aqua,
1639 3854 1702 3928 'sed
1717 3785 1847 3928 iutum.
1868 3851 1917 3923 Et
1928 3848 2086 3930 descen-

734 3937 790 4010 dit
809 3939 985 4016 Jeremias
1005 3945 1046 4019 in
1069 3969 1229 4018 coenum.

537 4073 607 4123 nan.
620 4064 661 4131 14.
782 4035 856 4107 Pro
879 4060 939 4145 eo,
958 4037 1058 4130 quod
1080 4040 1211 4114 Daniel
1226 4044 1397 4138 probarit
1415 4042 1481 4116 Bel
1499 4056 1537 4116 et
1558 4037 1757 4118 draconem
1772 4067 1849 4116 non
1866 4065 1945 4116 esse
1961 4037 2082 4130 Deos,

735 4128 934 4225 Babylonii
956 4147 1214 4208 convenerunt
1231 4137 1409 4213 adversus
1426 4163 1567 4234 regem,
1589 4150 1626 4212 et
1636 4149 1933 4236 procuraverunt
1946 4133 2087 4206 Danie-

448 4299 450 4304 ,
735 4224 807 4296 lem
829 4225 927 4318 mitti
949 4225 1129 4298 inlocum
1149 4228 1310 4304 leonum.
1765 4260 1769 4268 ’

537 4367 563 4404 2,
575 4347 662 4402 meh,
673 4349 699 4401 5,
784 4321 855 4428 Ex·
868 4319 975 4428 lionis
991 4334 1027 4393 et
1038 4323 1138 4396 veiis
1151 4327 1383 4400 sermonibus
1397 4328 1616 4404 Eleazarihi
1628 4382 1638 4422 ,
1649 4330 1716 4424 qui
1730 4353 1818 4402 eum
1829 4319 2085 4402 tmhebantad

736 4413 979 4512 supplicium,
998 4427 1034 4489 et
1044 4417 1155 4516 pauli>
1173 4432 1259 4496 unte
1278 4421 1427 4501 suerent
1442 4424 1807 4522 mitiores‚conversi
1823 4435 1915 4498 sunt
1928 4421 2084 4497 inirem.
