4498 5462
654 349 740 452 ‘164
831 339 1095 432 TITULUS
1124 330 1361 420 LXXXIX.
1387 327 1605 440 L'acrymae
1633 345 1677 411 et
1703 325 1842 420 lletus.

1825 471 2017 494 ‘w

576 549 584 563 ⁸
655 577 770 648 Israel
785 573 977 660 beneficia,
988 597 1073 670 quae
1088 599 1110 643 a
1127 575 1206 644 Deo
1222 579 1457 664 receperunt,
1474 580 1510 639 et
1528 577 1695 661 peccata,
1712 591 1800 661 quae·
1817 573 2026 648 commise-

655 685 762 758 runt,
784 682 821 740 et
843 669 1064 741 levaverunt
1085 685 1214 740 vocem
1236 692 1359 746 suam,
1385 673 1422 732 et
1447 663 1641 732 lleverunt.

458 797 544 851 Μὴ,
560 811 603 848 ,0,
704 766 910 856 Pugnaturi
936 763 1004 836 lilii
1030 765 1143 836 lsrael
1164 774 1294 833 contra
1317 759 1413 830 lilios
1439 757 1653 849 Benjamin‚
1682 753 1870 830 fleverunt
1889 785 2029 832 coram*

655 859 827 929 Domino.

458 980 544 1032 suae.
563 996 606 1032 αι.
702 955 750 1024 Et
773 953 1025 1046 postmodnm,
1047 953 1197 1038 obtenti
1215 949 1393 1039 victorii,
1409 947 1596 1020 fleverunt
1617 960 1769 1044 propter
1790 946 2018 1026 destructio.

653 1072 738 1118 nem
769 1047 925 1118 lratnnn
951 1073 1115 1118 suorum.
1973 1062 1978 1071 “

458 1164 539 1215 auu.
564 1181 587 1213 ι.
703 1143 906 1212 Rccedente
931 1141 1076 1229 No'e'mi,
1103 1165 1224 1212 nurus
1246 1141 1328 1230 ejus
1351 1137 1439 1210 flere
1462 1141 1584 1234 coepit.

459 1266 559 1331 anag.
582 1281 602 1314 ι.
702 1237 834 1307 Oravit
857 1237 965 1305 Anna
982 1237 1204 1323 Dominum,
1227 1232 1321 1303 flens
1341 1231 1500 1322 largiter.

342 1369 352 1386 =
459 1363 484 1398 ι.
499 1349 561 1415 aeg.
582 1363 619 1396 n.
702 1329 840 1400 Annae
864 1329 1055 1402 obsidione
1077 1329 1186 1400 Jabes
1206 1327 1365 1419 Galaad,
1387 1329 1610 1402 levaverunt
1632 1327 1853 1401 vocem-filii
1879 1332 2010 1425 lsrael,

656 1435 693 1495 ct
714 1423 913 1497 fleverunt.
1526 1439 1528 1444 '
1790 1483 1793 1490 .

460 1540 484 1574 ¹·
504 1523 618 1591 negas.
703 1520 868 1612 Lugebat
882 1521 1029 1592 Samuel
1054 1520 1226 1613 Saulum,
1242 1523 1421 1617 quoniam
1443 1519 1646 1593 Dominum
1664 1519 1881 1614 poenitebat,
1901 1521 2022 1615 quod.

655 1617 908 1687 constituisset
936 1642 1022 1688 eum
1048 1620 1090 1688 in
1116 1641 1250 1711 regem.

460 1713 557 1778 areg.
577 1728 619 1763 ²⁰·
703 1710 824 1783 David
848 1723 885 1782 et
908 1711 1088 1783 Jonathas
1116 1711 1324 1784 osculantes
1352 1737 1408 1801 se,
1430 1709 1618 1784 fleverunt
1643 1709 1786 1803 puriter.

459 1825 484 1859 ¹·
499 1811 561 1876 aeg.
578 1808 619 1874 ²4·
704 1805 792 1876 Saul
802 1805 957 1879 audiens
969 1832 1098 1880 vocem
1115 1806 1253 1894 David,
1268 1810 1334 1901 qui
1346 1817 1557 1900 pepercerat
1567 1807 1619 1894 ei,
1630 1803 1771 1876 elevati
1781 1826 1876 1876 voce
1890 1801 2027 1877 flevie.

459 1921 483 1956 ¹·
498 1905 562 1971 flsss·
576 1903 618 1954 ³⁰·
702 1900 843 1971 Videns
871 1901 990 1974 David
1022 1903 1210 1976 civitatem
1241 1902 1378 1996 Siceleg
1404 1927 1483 1973 esse
1506 1925 1738 1988 succensam,
1762 1912 1809 1970 et'
1831 1899 2012 1973 abductos

653 1993 826 2067 homines
843 1995 931 2066 inde
954 1998 1136 2090 captivos,
1159 1996 1389 2092 planxerunt
1404 2000 1482 2093 ipse
1504 2010 1541 2070 et
1559 1995 1728 2095 populus
1741 1995 1809 2090 qui
1831 2007 1910 2068 erat
1925 2020 2013 2070 cum

654 2116 722 2180 eo,
745 2089 862 2164 donec
884 2090 1084 2163 deficerent
1101 2095 1141 2165 in
1164 2093 1217 2164 eis
1239 2092 1432 2190 lacrymae.
1663 2126 1665 2132 ¹

457 2203 483 2241 2
498 2189 560 2258 neg.
577 2205 600 2239 ¹·
702 2186 856 2278 Planxit
876 2185 998 2260 David
1026 2212 1138 2284 super
1159 2187 1246 2259 Saul
1269 2200 1305 2259 et
1327 2187 1534 2280 Jonathan,
1558 2199 1594 2260 et
1619 2187 1713 2262 alios
1735 2185 1962 2260 interfectos.

456 2303 481 2340 ²·
495 2291 558 2358 1¹ss·
573 2290 598 2341 ³·
700 2281 824 2448 DaJvid
845 2294 881 2354 et
903 2283 1025 2356 omnis
1046 2283 1207 2380 populus
1225 2283 1413 2359 fleverunt
1437 2311 1549 2381 super
1570 2286 1718 2374 Abner,
1737 2307 1849 2380 quem
1864 2281 2010 2354 occide-

651 2389 709 2451 rat
763 2381 843 2450 oab.

454 2505 481 2542 2.
493 2491 556 2557 neg.
572 2505 615 2542 n.
700 2471 829 2632 Muli
859 2476 981 2542 David
1010 2476 1098 2544 flere
1120 2497 1189 2567 pro
1215 2471 1294 2544 filio
1315 2472 1474 2569 parvulo
1500 2487 1672 2568 mortuo,
1691 2485 1728 2546 et
1752 2487 1878 2546 tamen
1903 2472 2010 2550 flevit

676 2587 719 2634 ro
749 2587 788 2633 m
818 2588 909 2634 rmo.
1961 2585 1966 2596 ’

456 2677 481 2728 3.
495 2677 558 2744 neg.
574 2673 614 2725 ιε.
650 2588 676 2658 p
701 2657 885 2746 Quamvis
908 2661 1071 2734 Absalon
1091 2660 1307 2736 exhibuerit
1324 2689 1362 2736 se
1380 2666 1586 2760 pessimum
1606 2691 1691 2763 erga
1709 2675 2008 2761 patrem,tamen

652 2751 773 2825 David
795 2751 901 2827 flevit
925 2781 1009 2828 eum
1034 2759 1293 2830 miserabiliter
1318 2773 1531 2834 mortuum..

454 2860 482 2928 4.
497 2863 560 2926 neg·
580 2860 605 2909 ⁸·
700 2845 857 2919 Elisaeus
881 2849 1015 2923 videns
1039 2853 1211 2925 Azaelem
1234 2879 1356 2925 coram
1381 2882 1434 2948 se,
1457 2861 1570 2956 coepit
1594 2855 1693 2947 flere,
1713 2865 1863 2950 propter
1883 2853 2022 2946 mala,-

576 3021 580 3028 .
653 2965 737 3035 quoe
752 2941 813 3014 ille
824 2956 902 3015 erat
914 2945 1178 3020 facturusfiliis
1193 2950 1305 3022 Israel
1315 3005 1325 3042 ,
1337 2974 1422 3022 cum
1437 2954 1515 3048 ipse
1527 2966 1621 3026 esset
1633 2951 1781 3025 futurus
1792 2950 2007 3046 rexSyriae.

455 3044 481 3114 l·
502 3047 566 3112 Ra·
581 3059 624 3096 ²⁰·
700 3035 822 3110 Flevit
841 3040 1020 3114 Ezechias
1036 3041 1126 3116 fletu
1140 3069 1296 3140 magno,
1315 3049 1634 3121 oransDominum
1651 3073 1718 3145 pro
1733 3056 1876 3139 morte,
1889 3069 2008 3142 quam

651 3131 722 3202 sibi
741 3133 936 3209 imminere
955 3137 994 3208 in
1041 3141 1190 3213 roximo
1205 3142 1370 3237 putabat.

454 3229 480 3298 l·
494 3234 556 3301 1³08·
571 3247 613 3284 22·
699 3226 791 3300 Cum
821 3231 984 3304 audisset
1027 3237 1124 3306 osias
1144 3261 1211 3306 rex
1234 3233 1333 3306 luda
1348 3239 1654 3312 comminationes
1675 3239 1828 3333 scriptas
1846 3235 1884 3306 in
1904 3233 2021 3312 libro

647 3323 753 3418 Legis
774 3325 927 3398 Domini
954 3341 1110 3492 fropter
1125 3343 1295 3427 peccata,
1313 3332 1421 3406 scidit
1436 3336 1660 3408 vestimenta
1679 3355 1747 3407 sua
1770 3343 1805 3403 et
1821 3328 1948 3422 flevit,
1959 3343 2033 3405 et·

646 3419 808 3492 multum
832 3422 909 3493 Deo
928 3424 1078 3518 pacuit.

452 3539 476 3576 ι·
493 3521 555 3576 Fad-
578 3523 603 3574 3·
695 3515 788 3588 Cum
820 3518 1117 3592 reaedificabatur
1130 3521 1310 3616 templum
1330 3523 1376 3594 ab
1392 3523 1461 3616 iis,
1477 3526 1544 3618 qui
1564 3524 1757 3598 redierunt
1779 3519 1825 3594 de
1839 3518 2038 3616 Babylo-

645 3637 716 3702 ne,
732 3637 808 3684 non
829 3626 973 3706 poterat
1002 3616 1202 3710 quisquam
1219 3641 1415 3712 agnoscere
1430 3643 1561 3694 vocem
1580 3619 1752 3694 clamoris
1774 3617 2039 3719 latendum,

646 3717 682 3776 et
698 3729 825 3778 nocem
859 3707 968 3779 fletris
993 3709 1131 3804 populi.
2047 3713 2052 3720 ’

451 3821 474 3856 ι·
496 3799 610 3854 ΜΝ·
653 3795 659 3808 ’
696 3799 835 3868 Orante
857 3802 975 3874 Esdra
1000 3816 1037 3875 et
1057 3805 1191 3897 flente,
1208 3819 1358 3902 propter
1377 3809 1682 3883 commixtionem
1706 3805 1834 3901 populi
1849 3809 2048 3900 gentilis

646 3915 735 4000 cum·
759 3893 919 3987 ludaeis,
936 3899 1113 3971 collectus
1148 3914 1203 3973 est
1224 3900 1269 3972 ad
1302 3929 1387 3974 eum
1419 3917 1538 3977 coetus
1580 3902 1729 4002 grandis
1762 3903 1957 3980 vimmm
2000 3923 2065 3986 et·

644 3984 868 4080 mulierum,
885 4006 921 4060 et
936 3991 1042 4064 flevit
1068 3996 1228 4089 populns
1255 3997 1374 4069 multo
1400 3997 1502 4071 fletu.

447 4085 549 4144 affl·
569 4101 592 4138 ¹·
694 4081 788 4154 Cum
809 4083 973 4157 audisset
989 4086 1158 4162 Neemias
1175 4091 1420 4164 miserabilem
1438 4106 1575 4166 statum
1592 4095 1755 4168 civitatis
1774 4091 2024 4168 Jerusalem
2037 4153 2068 4192 ,

641 4175 755 4258 flevit
767 4175 899 4255 diebus
923 4181 1076 4282 multis,
1093 4197 1137 4260 et
1153 4187 1352 4285 jejlundBat‘
1362 4200 1402 4261 ct
1418 4190 1546 4266 orabat
1557 4203 1645 4264 ante
1658 4193 1793 4264 laciem
1809 4186 1878 4262 Dei
1905 4189 2070 4294 (δαεὶι.Λ
