4464 5464
499 549 765 640 TITULUS
806 552 937 642 CLV.
981 555 1187 641 Simonis.
1400 605 1403 619 .
1437 561 1516 672 287

154 777 268 850 etiam
301 773 500 872 discipulis·
519 775 671 870 indigne
698 780 906 857 ferentibus
937 781 1153 859 effusionem
1176 787 1383 882 unguenti,
1413 790 1518 861 etin
1536 803 1618 856 mre.
1635 803 1712 878 ιφ,
1750 804 1754 810 ·

153 895 237 947 eam
264 872 511 946 frementibus
533 869 632 944 nihil
660 876 768 949 dixit.
791 878 979 969 Quoniam
1007 893 1133 956 autem
1160 885 1304 976 tacuit,
1333 882 1521 956 Dominus

150 993 223 1065 pro
245 995 287 1041 ea
309 967 524 1062 respondit,
543 978 580 1038 et
599 992 680 1043 eam
700 972 841 1067 ubique
863 973 1039 1049 defendit.
1109 997 1117 1008 ’

201 1063 337 1138 Mulier
357 1060 609 1133 in‘adulterio
630 1064 861 1160 deprehensa
883 1094 1007 1142 coram
1030 1073 1191 1145 Domino
1218 1084 1412 1165 accusata,
1434 1097 1514 1146 non
1531 1095 1608 1146 roan.
1622 1094 1652 1146 s.

149 1157 290 1252 legitur
307 1155 449 1252 aliquid
471 1155 597 1229 locuta
613 1159 738 1232 fuisse.
762 1163 946 1238 Dominus
975 1177 1099 1239 autem
1117 1161 1191 1332 pr'o
1208 1193 1251 1240 ea
1271 1168 1431 1242 verbum
1454 1171 1514 1241 as‘-

101 1311 102 1316 ,
151 1253 335 1347 sumpsit,
353 1261 390 1321 et
417 1277 498 1326 eam
527 1251 690 1351 denique
719 1258 1007 1332 misericorditer
1028 1261 1118 1334 abso
1132 1263 1200 1336 vit.

200 1347 412 1419 Locuturus
440 1353 482 1421 in
507 1349 701 1460 synagoga
722 1353 862 1426 Paulus
892 1357 1082 1446 surrexit,
1115 1369 1151 1428 et
1175 1381 1291 1430 manu
1320 1357 1512 1432 silentium
1528 1381 1619 1434 Actor.
1636 1381 1679 1434 13..

149 1439 304 1514 indixit.
325 1443 468 1517 Sciebat
484 1468 602 1539 enim,
622 1475 700 1522 non
718 1473 796 1520 esse
812 1449 1080 1524 effundendum
1099 1477 1326 1546 sermonem,
1347 1455 1415 1526 ubi
1432 1479 1514 1528 nou

150 1547 208 1608 est
230 1535 401 1628 auditus,
432 1540 533 1634 quod
549 1546 684 1639 saepius
709 1545 751 1615 in
774 1545 958 1639 scriptura
999 1547 1163 1620 robatur.
1294 1578 1298 1586 ¹

196 1627 282 1700 Filii
303 1631 417 1702 Israe'l
444 1634 629 1728 fugientes
656 1639 702 1710 de
716 1641 895 1738 AE‘gypto‚
920 1641 961 1714 vi
989 1654 1100 1713 erunt
1122 1643 1331 1716 exercitum
1349 1641 1511 1717 Pharao-
1526 1653 1676 1721 Emdrt..
1707 1659 1714 1668 '

145 1724 227 1814 nis,
263 1735 299 1796 et
322 1726 531 1800 timuerunt
553 1731 685 1824 valde,
705 1735 844 1829 quibus
860 1740 912 1808 ait
928 1739 1077 1835 Moyses
1098 1738 1308 1817 :Dominus
1327 1740 1511 1834 pugnabit·

145 1843 216 1918 pro
241 1820 375 1912 nobis,
393 1831 431 1893 et
450 1845 521 1898 vos
543 1827 722 1901 tacebitis.
1479 1867 1484 1875 ·

559 2054 888 2144 TITULUS
945 2057 1103 2148 CLV.
1197 1991 1202 2002 ·

788 2231 992 2316 Simonis.

143 2357 235 2487 De
255 2416 372 2514 impio
393 2443 477 2517 rege
494 2421 689 2496 Jeroboam
715 2431 918 2495 narratur:
945 2419 1034 2494 fecit
1061 2417 1106 2492 de
1134 2419 1351 2495 novissimis
1375 2421 1510 2518 populi
1525 2439 1550 2492 3.
1564 2444 1626 2507 neg.
1649 2441 1699 2494 ts.

142 2510 353 2586 sacerdotes
382 2518 651 2593 excelsorum:
687 2517 904 2614 quicunque
928 2516 1102 2608 volebat,
1134 2515 1331 2618 implebat!
1349 2543 1435 2590 man
1443 2543 1507 2592 unt
1592 2509 1640 2559 33·-

141 2627 273 2700 suam,
300 2621 337 2682 et
357 2609 470 2688 fiebat
489 2614 657 2688 sacerdos
678 2611 928 2687 excelsorum.
955 2611 1156 2686 subditur:
1177 2623 1214 2684 et
1240 2623 1392 2708 propter
1406 2611 1506 2685 hanc
1532 2688 1536 2704 ,

140 2723 293 2776 causam
325 2710 493 2802 peccavit
519 2711 660 2786 domus
675 2709 895 2802 Jeroboam,
920 2721 957 2782 et
982 2732 1113 2784 eversa
1141 2719 1223 2802 est,
1247 2718 1285 2780 et
1314 2707 1434 2782 deleta
1460 2709 1507 2780 de
1577 2771 1589 2786 .
1619 2807 1625 2818 .

137 2797 332 2892 superficie
357 2814 476 2877 terrae.
1027 2807 1033 2814 “

186 2892 417 2974 Simoniaous
433 2900 508 2974 fuit
529 2902 634 2974 Giezi
654 2927 786 2974 servus
800 2901 943 2992 Etisoei,
966 2901 1135 2996 quiapro
1156 2897 1274 2993 gratis
1297 2900 1505 2994 spirituali,
1523 2924 1549 2993 4.
1562 2927 1625 2993 reg.
1640 2927 1666 2979 5.

136 2983 303 3062 Naaman
324 2992 422 3087 Syro
442 3023 464 3067 a
478 2999 639 3070 Domino
660 3021 729 3072 suo
749 2997 901 3090 collati,
926 2994 1049 3071 vestes
1068 2993 1209 3090 accepit
1232 3002 1270 3065 et
1294 3005 1502 3088 argentum.
1590 2994 1634 3044 ²⁶·
1709 3013 1711 3016 ·

138 3075 208 3146 sed
235 3083 283 3150 ob
305 3079 377 3150 hoc
411 3091 552 3156 crimen
572 3093 617 3156 in
646 3093 918 3179 sempiternum
941 3092 1032 3161 cu'm
1056 3091 1197 3160 semin'e
1220 3112 1290 3160 suo
1310 3101 1416 3160 aetus
1447 3100 1508 3161 est

136 3165 305 3263 leprosus
337 3176 445 3268 quasi
468 3177 550 3246 nix.
1159 3241 1161 3244 .

186 3265 352 3341 Alcimus
371 3267 548 3340 accedens
574 3266 622 3338 ad
640 3269 872 3343 Demetrium
891 3293 1016 3362 regem
1029 3321 1043 3359 ,
1057 3273 1248 3344 accusavit
1270 3271 1293 3339 J
1294 3272 1406 3344 udam
1423 3278 1502 3345 Ma·
1520 3297 1684 3372 1.mct.7.
1730 3322 1735 3326 -

136 3358 350 3458 chabaeum,
373 3375 410 3437 et
436 3363 572 3436 obtulit
596 3364 675 3459 regi
695 3389 870 3437 coronam
889 3388 1056 3456 auream,
1079 3377 1116 3438 et
1130 3363 1204 3436 alia
1218 3362 1333 3456 dona,
1362 3367 1500 3464 quibus

136 3453 278 3551 effecit,
297 3473 342 3535 ut
364 3484 554 3534 summurn
577 3459 824 3534 sacerdotium
847 3461 882 3534 ei
901 3483 923 3530 a
944 3483 1029 3554 rege
1051 3460 1294 3533 conferretur.
1489 3533 1494 3543 ,

184 3551 437 3649 Impiissimus
459 3555 574 3627 Jason
589 3553 721 3627 ablatis
738 3555 911 3650 plurimis
932 3551 1076 3649 argenti
1090 3553 1239 3626 talentis
1255 3552 1301 3625 ab
1312 3553 1500 3646 Antiocho
1516 3597 1544 3636 α,
1555 3585 1641 3641 meu.
1655 3593 1693 3658 4„

134 3647 332 3744 Epiphane
354 3675 545 3726 summum
573 3677 653 3724 com
682 3651 804 3727 aravit
828 3649 1085 3736 sacerdotium.
1113 3647 1173 3723 Ob
1201 3673 1316 3744 quam
1348 3671 1499 3724 causam

133 3743 205 3816 Dei
232 3747 356 3823 cultus
376 3761 413 3822 et
434 3745 614 3822 sacrificia
634 3677 744 3842 plane
771 3759 983 3842 contempta
1006 3744 1190 3857 fuerunt,
1203 3756 1243 3817 et¹
1259 3743 1506 3856 adngentiumr

133 3839 252 3913 ritum
278 3845 474 3918 translata..
493 3845 577 3937 Ipse
606 3867 698 3919 vero
724 3843 838 3916 Jason
856 3869 924 3940 pro
951 3854 1056 3916 terea.
1076 3844 1208 3914 msere
1231 3851 1370 3936 perut..

183 3938 372 4015 Menelaus
383 3937 563 4032 triennio,
605 3952 777 4036 ostquam
793 3869 1041 4026 tason-lictus
1052 3948 1108 4009 est
1118 3961 1293 4012 summus.
1308 3933 1474 4012 sacerdos
1482 3951 1632 4034 „M
1646 3984 1662 4049 4

132 4027 236 4125 plus,
290 4061 374 4110 uam
398 4036 530 4127 lason,
556 3966 693 4109 obtulit
719 4035 925 4130 Antiocho,
951 4045 987 4106 et
1008 4031 1272 4107 Pontificatum
1302 4033 1492 4143 obtinuit,
1579 4048 1632 4100 ιτ..

132 4123 232 4201 nihil
277 4154 407 4224 1gnum
432 4129 583 4205 habens¹
602 4129 822 4204 sacerdotio..
843 4131 920 4204 Sed
945 4131 1096 4204 funeste
1117 4137 1245 4225 postea
1270 4138 1308 4204 et
1336 4139 1503 4226 tragice„

131 4219 212 4296 Deo
240 4223 414 4316 uindice,
438 4239 610 4300 mortuus
636 4237 702 4298 est.
1513 4239 1519 4248 '

180 4321 204 4390 J
206 4323 298 4400 udas
325 4321 491 4420 pmditor
522 4318 722 4397 vendendo
757 4321 949 4397 Christum
971 4321 1042 4398 Dei
1069 4317 1214 4392 Filium
1234 4317 1488 4396 detestandam
1508 4356 1706 4424 mmuh

131 4419 320 4493 commisit
337 4419 543 4492 simoniam.
561 4419 619 4490 Ob
633 4417 673 4490 id
692 4418 825 4514 laqueo
846 4443 885 4490 se
900 4413 1306 4519 suspenderamcrcpuit
1324 4414 1469 4494 medius
1476 4472 1500 4522 „

130 4527 169 4594 et
194 4514 332 4598 diffusa
351 4526 443 4596 suut
470 4513 598 4594 omnia
616 4515 761 4608 viscera
789 4516 894 4617 eius,
