4498 5462
282 363 543 514 'rlTUIJUS
568 420 799 504 LXXXIII.
824 422 995 507 Judicta
1017 422 1205 504 humana
1225 433 1342 504 recta
1364 444 1443 506 etc.
1472 427 1544 533 157

248 647 345 736 Quia
355 647 534 718 Jeremias
551 647 713 718 Domino
731 647 992 744 prophetabat,
1008 648 1213 721 Jerusalem
1234 647 1449 742 capiendam
1473 671 1550 718 esse
1570 662 1666 713 terem.
1692 649 1736 708 38-

195 769 215 816 a
240 742 438 834 Chaldaeis,
458 741 639 814 dixerunt
658 744 848 838 Principes
872 746 1002 839 populi
1025 746 1182 816 Sedeciae
1206 745 1294 837 Regi
1311 769 1320 817 ;
1340 745 1551 837 Rogamus,

194 853 241 913 ut
262 838 452 910 occidatur
469 837 583 910 homo
605 839 685 908 iste.
708 839 783 926 Qui
807 841 997 934 respoudit
1016 843 1068 912 eis
1091 866 1098 909 :
1122 842 1217 911 Ecce
1239 841 1317 935 ipse
1337 853 1392 910 est
1412 841 1453 912 in
1472 863 1553 911 rna-

193 937 308 1008 nibus
328 937 479 1023 vestras,
501 935 699 1004 nonenim
721 933 776 1004 sas
799 947 855 1005 est
877 959 997 1028 regern
1021 938 1129 1010 vobis
1158 937 1359 1031 quicquam
1383 960 1527 1028 negare.

245 1027 590 1102 Nabuchodonosor
616 1051 684 1098 rex
711 1028 916 1124 Babylonis
943 1023 1139 1126 praecepit,
1166 1045 1210 1102 ut
1231 1033 1396 1126 perirent
1424 1053 1552 1102 omnes
1574 1047 1643 1096 nan.
1663 1061 1688 1094 2·

198 1128 382 1220 sapientes
403 1121 628 1219 Babylonis,
656 1148 699 1193 eo
727 1124 827 1218 quod
850 1123 907 1198 illi
928 1127 1138 1218 somnium,
1157 1127 1258 1220 quod
1278 1127 1422 1222 viderat
1434 1183 1450 1219 ,‚
1473 1151 1552 1197 non

197 1231 372 1316 poterant
403 1218 579 1288 indicare.

248 1315 430 1402 Quamvis
445 1312 580 1383 Darius
592 1337 661 1400 rex
670 1313 864 1384 Persarum
877 1315 1114 1386 innocentem
1129 1315 1238 1405 sciret
1250 1341 1329 1386 esse
1341 1316 1553 1408 Danielem,
1573 1331 1643 1379 Dan·
1665 1327 1708 1393 ¹4-

200 1421 324 1480 tamen
342 1406 385 1476 ad
401 1406 616 1479 instantiam
630 1409 866 1503 Satraparum
880 1410 967 1482 fecit
981 1435 1067 1481 eum
1084 1409 1183 1480 mitti
1193 1409 1238 1480 'in
1255 1409 1375 1482 lacum
1389 1413 1551 1483 leonum.
1611 1471 1616 1484 .

220 1555 224 1566 f
248 1503 414 1573 Discrete
434 1502 666 1575 examinavit
684 1505 816 1576 Daniel
838 1505 932 1578 duos
956 1529 1082 1596 senes,
1106 1505 1172 1599 qui
1195 1518 1324 1576 contra
1344 1509 1553 1578 Susannam
1573 1520 1642 1570 Dan.
1662 1517 1702 1566 13.
1751 1585 1754 1590 Ι

199 1597 372 1692 iniquum
400 1597 571 1668 tulerunt
599 1599 867 1672 testimonium.
1259 1655 1264 1660 -

248 1693 343 1764 Cum
361 1704 598 1764 accusaretur
614 1694 802 1766 Menelaus
822 1697 862 1767 in
882 1695 1024 1790 judicio
1042 1719 1165 1766 coram
1186 1697 1386 1790 Antiocho,
1405 1723 1472 1790 per
1489 1723 1554 1790 pe-
1573 1717 1597 1750 2·
1614 1697 1701 1750 Math·
1723 1695 1751 1761 l-

201 1789 373 1880 cuniam,
396 1813 508 1882 quana
528 1789 721 1882 promisit,
745 1791 937 1864 absolutus
954 1803 1026 1884 est,
1050 1804 1087 1862 et
1108 1793 1350 1867 Accusatores
1374 1795 1456 1888 ejus
1479 1793 1554 1864 ini-

200 1883 275 1977 qua
303 1895 421 1954 morte
446 1882 622 1953 damnati.

251 1975 454 2072 Conquesti
485 1989 573 2050 sunt
596 1977 718 2050 Judaei
740 2005 863 2054 coram
891 1983 1076 2054 Antiocho
1100 2007 1185 2074 rege
1212 1980 1258 2051 de
1279 1984 1411 2078 iniqua
1434 1995 1554 2054 morte
1573 2010 1684 2062 uidem.

203 2072 319 2143 Ouiae.
337 2072 587 2146 contristat-us
603 2087 726 2146 autem
748 2077 978 2166 Antiochus,
998 2077 1084 2148 licet
1101 2077 1192 2148 alias
1211 2089 1306 2146 esset
1329 2079 1465 2164 malus,
1479 2081 1556 2146 An-
1744 2085 1749 2096 “

203 2165 400 2238 dronicum
423 2167 590 2265 purpurei
614 2181 775 2241 exutum
797 2172 838 2241 in
856 2172 985 2245 eodem
1005 2172 1108 2265 loco,
1128 2173 1169 2243 iu
1190 2196 1265 2265 quo
1283 2171 1405 2266 ipsum
1420 2171 1558 2241 Oniam

203 2259 407 2352 occiderat,
428 2265 540 2358 jussit
565 2264 645 2338 vitai
666 2266 822 2359 privari.

250 2354 370 2428 Nimis
407 2359 583 2450 iniquum
616 2361 772 2454 protulit
804 2359 968 2432 Herodes
996 2359 1205 2455 judicium,
1225 2357 1380 2452 quando
1402 2357 1556 2430 mittens
1577 2381 1673 2432 Marta.
1696 2397 1720 2432 α.

203 2449 399 2541 satellites,
418 2451 553 2524 occidit
576 2477 705 2522 omnes
728 2481 885 2544 pueros,
909 2456 975 2544 qui
999 2469 1105 2528 erant
1132 2455 1173 2525 in
1200 2452 1429 2524 Bethlehem.

253 2545 310 2616 Ad
328 2549 544 2641 petitionem
568 2550 682 2619 unius
700 2543 913 2630 saltatricis,
931 2544 1019 2614 secit
1041 2551 1204 2616 Herodes
1225 2547 1427 2614 Tetrarcha
1445 2548 1467 2615 J
1468 2573 1559 2618 oan-
1579 2562 1661 2612 Marc.
1675 2562 1701 2612 6.

202 2665 290 2713 nem
307 2642 506 2737 Baptistam
524 2644 565 2715 in
583 2665 725 2715 carcere
741 2640 932 2732 decollari,
956 2664 1043 2710 cum
1060 2653 1185 2712 tamen
1201 2639 1311 2710 sciret
1330 2665 1416 2710 eum
1427 2641 1558 2714 virum

200 2738 346 2832 justum
378 2750 413 2809 et
441 2752 623 2810 sanctum.
708 2765 717 2780 ·
1105 2753 1112 2767 '
1146 2784 1150 2789 =

251 2832 357 2904 Dixit
368 2831 598 2906 'Nicodernus
614 2831 832 2906 Pharisaeis:
851 2829 1033 2928 Nunquid
1055 2831 1120 2906 lex
1141 2844 1267 2912 vestra
1281 2828 1424 2926 judicat
1441 2829 1559 2903 homi·
1576 2853 1653 2903 Joan.
1678 2870 1702 2921 7·

201 2951 309 3019 nem,
325 2931 399 3001 nisi
421 2929 581 3002 audierit
601 2930 648 3001 ab
669 2929 682 3000 i
710 2955 750 3001 so
771 2930 895 3025 prius,
912 2941 948 3001 et
967 2929 1205 3024 cognoverit,
1227 2928 1319 3022 quid
1341 2925 1452 2999 saciat
1468 2925 1486 2997 ‘2

252 3021 527 3114 Nequissimum
549 3024 625 3095 suit
640 2957 842 3116 judicium,
863 3025 1014 3120 quando
1038 3025 1180 3096 Pilatus
1200 3022 1342 3098 dimisit
1357 3024 1557 3095 Barraham
1578 3041 1675 3094 Massa.
1690 3056 1731 3110 ²7·

203 3113 448 3276 homicidam,
469 3117 672 3206 latronem,
694 3121 932 3210 seditiosum,
958 3133 996 3190 et
1016 3121 1222 3190 Dominum
1245 3117 1375 3191 desum
1405 3119 1560 3190 tradidit

207 3231 258 3280 vo
274 3217 395 3277 untau
417 3231 557 3278 eorum.

256 3299 513 3373 Sacerdotibus
534 3315 570 3372 et
591 3303 869 3464 maffistratibus
891 3303 1021 3398 templi
1047 3303 1362 3378 denunciantibus
1385 3307 1497 3374 Petro
1526 3316 1563 3375 et
1579 3331 1670 3382 aaa.
1689 3333 1715 3398 4.

209 3396 363 3487 Joanni,
383 3421 431 3467 ne
446 3395 621 3466 docerent
638 3421 659 3464 a
674 3397 779 3490 iquid
798 3401 839 3469 in
862 3398 1135 3491 nominatam,
1152 3399 1427 3494 responderunt
1447 3400 1565 3490 Apos-

210 3493 279 3566 toli
300 3492 466 3565 dicentes
482 3491 535 3561 eis
548 3515 555 3560 ;
569 3491 606 3560 51
624 3491 769 3583 justum
792 3493 904 3562 estin
927 3508 1126 3588 conspectu
1147 3495 1238 3585 Dei,
1260 3519 1330 3566 vos
1351 3493 1476 3586 potitis
1496 3515 1566 3560 au-

211 3587 291 3661 dire
319 3611 433 3682 quam
454 3587 598 3676 Deum,
616 3583 789 3680 judicate.
1711 3659 1715 3664 ¹

262 3681 356 3754 Cum
373 3680 513 3752 Paulus
536 3681 701 3774 ejecisset
724 3679 951 3752 daemonium
967 3705 988 3750 a
1010 3679 1132 3775 puella
1156 3679 1400 3778 pythonissa,
1416 3701 1566 3749 accusa-
1583 3705 1673 3756 tam,
1690 3709 1731 3756 1⁶,

210 3793 274 3852 tus
291 3777 365 3850 tuit
376 3801 397 3846 a
408 3775 579 3849 Dominis
597 3779 696 3872 ejus,
712 3777 851 3874 quibus
862 3773 927 3845 illa
938 3788 1127 3872 quaestum
1139 3772 1346 3850 divinando
1357 3775 1564 3870 praestabat.

215 3876 451 3970 Magistratus
482 3884 608 3945 autem
631 3872 801 3946 fecerunt
823 3869 984 3944 Paulum
1006 3883 1042 3945 et
1057 3871 1169 3946 Silam
1191 3870 1307 3966 virgis
1334 3869 1446 3963 caedi,
1465 3884 1501 3943 et
1522 3871 1564 3941 in

214 3995 397 4042 carcerem
419 3969 530 4042 mitti.
1239 3971 1245 3977 ’
1320 3973 1321 3978 ’

264 4065 286 4137 J
289 4063 404 4137 udaeis
429 4065 690 4143 accusantibus
708 4063 886 4154 Paulum,
908 4063 1028 4139 Gallio
1057 4063 1256 4162 proconsul
1279 4059 1377 4134 dixit
1396 4061 1458 4133 :Si
1480 4087 1564 4157 quae
1582 4090 1673 4144 Actor.
1691 4089 1730 4142 18.

217 4172 312 4233 esset
322 4162 480 4256 injuria,
491 4173 557 4234 aut
568 4161 715 4234 facinus
728 4160 886 4252 malum,
898 4161 920 4232 ὃ
931 4159 952 4230 J
955 4161 1070 4252 udaei,
1085 4163 1218 4232 nierito
1233 4184 1301 4234 vos
1320 4161 1562 4230 sustinerem:

215 4257 253 4328 Si
269 4258 360 4328 verb
379 4258 535 4350 quaestio
553 4270 609 4330 est
626 4255 672 4327 de
690 4280 859 4332 sermone
883 4267 920 4327 et
949 4257 1165 4330 nominibus
1185 4267 1220 4326 et
1236 4255 1315 4351 lege
1334 4265 1477 4348 vestra,
1496 4277 1565 4328 vos

217 4351 291 4446 ipsi
309 4349 490 4428 videritis.
513 4351 640 4428 Judex
658 4352 759 4426 enim
789 4374 855 4446 ego
881 4349 1020 4428 horum
1041 4351 1129 4426 nolo
1151 4375 1243 4423 esse.
