4310 5472
288 421 555 518 TUULUS
601 423 730 520 LXII.
773 423 890 520 Gula
936 453 980 522 et
1023 429 1218 528 ebrietas.
1338 439 1423 528 '113'

4 718 6 720 -
72 689 174 741 mam
192 662 475 774 multitudinem
494 661 733 759 bellatorum,
749 677 786 741 et
806 679 933 742 tamen
954 669 1078 746 victus
1097 670 1172 745 fuit
1183 727 1194 767 ,
1216 682 1253 745 et
1271 663 1421 771 fugatus
1538 739 1544 750 .

73 785 141 858 per
161 787 297 858 pueros
322 782 535 856 principum
560 763 850 856 provinciarum.
911 810 914 816 ·
1008 757 1013 770 ¹
1539 817 1542 824 Δ

79 953 86 966 .
123 855 373 930 Comederunt
391 867 430 926 et
444 857 599 927 saturati
616 869 726 948 sunt,
741 860 962 956 impinguati
977 865 1265 938 abundaverunt
1283 865 1423 938 deliciis
1444 893 1469 930 a·
1492 875 1553 932 Esd-
1570 893 1598 946 e

74 976 118 1023 m
134 953 299 1024 bonitate
324 963 391 1022 tua
410 973 558 1040 magna,
581 969 880 1057 provocaverunt
898 971 1020 1030 autem
1042 971 1079 1031 te
1101 959 1148 1031 ad
1166 959 1406 1032 iracundiam.

124 1045 308 1152 Praevalet
332 1045 468 1118 vinum
502 1043 680 1150 omnibus
698 1045 931 1141 hominibus,
950 1053 1017 1145 qui
1035 1053 1171 1134 bibunt
1186 1053 1295 1146 illud,
1316 1054 1426 1126 sedu-
1443 1092 1468 1128 α.
1490 1074 1551 1127 md.
1568 1072 1594 1124 a

75 1142 128 1213 cit
155 1151 342 1228 mentem,
364 1139 529 1231 itemque
561 1159 656 1230 regls
686 1151 722 1210 et
751 1139 910 1232 orphani
931 1143 1020 1213 lacit
1045 1158 1209 1216 mentem
1229 1173 1377 1221 vanarn.
1456 1203 1459 1212 .

124 1231 344 1304 Holofernae
374 1230 469 1301 bibit
498 1231 634 1303 vinum
656 1231 827 1304 multum
852 1235 983 1324 nimis,
1015 1249 1201 1330 quantum
1228 1265 1427 1334 nunquam
1444 1255 1546 1309 rnatu.
1565 1272 1606 1306 η.

78 1325 224 1398 biberat
240 1329 282 1398 in
297 1326 377 1398 vita
387 1349 472 1414 sua,
483 1336 519 1396 et
530 1337 613 1420 post
624 1351 742 1420 pauca
760 1329 945 1423 sequitur:
957 1331 1047 1404 Erat
1063 1329 1195 1402 Judith
1215 1330 1292 1402 sola
1306 1333 1348 1403 in
1364 1356 1431 1406 cu·
1479 1329 1507 1373 ⁰²
1527 1324 1569 1374 ¹³·

77 1419 213 1492 biculo.
229 1421 346 1492 Portu
367 1419 584 1492 Holofernes
605 1421 748 1516 jacebat
769 1422 924 1498 inlecto
943 1425 1059 1502 nimia
1080 1425 1254 1497 ebrietate
1277 1428 1430 1523 sopitae.

72 1514 163 1604 'Quo
183 1513 282 1586 facto
313 1511 444 1588 Judith
472 1513 606 1586 habuit
629 1517 943 1612 opportunitatem
964 1518 1155 1592 occidendi
1181 1543 1278 1592 eum.

123 1613 304 1706 Egressus
323 1620 377 1680 est
408 1613 529 1680 Amen
552 1633 575 1679 a
597 1613 774 1684 convivio
800 1613 947 1706 Reginae
969 1612 1077 1686 laetus
1094 1627 1130 1687 et
1157 1613 1294 1706 alacer,
1312 1614 1432 1687 sedin
1448 1629 1542 1684 muer
1560 1627 1585 1684 5.
1616 1657 1622 1665 ·

78 1701 340 1874 crastinpffipuit
366 1703 484 1778 tristis
515 1717 552 1777 et
581 1703 762 1778 confusus
789 1730 876 1780 curn
903 1707 1030 1780 decem
1055 1709 1143 1784 filiis
1161 1709 1239 1782 suis
1265 1710 1432 1804 patibulo
1465 1753 1471 1762 =

74 1827 197 1879 ¹crucis
286 1825 371 1882 xus.
559 1879 570 1895 ,

126 1897 290 1972 Noverat
307 1893 328 1964 J
330 1893 377 1965 ob
392 1892 512 1966 multa
531 1895 575 1966 in
589 1897 775 1970 conviviis
790 1910 955 1991 peccata,
969 1896 1108 1972 idcirco
1173 1911 1206 1972 st
1234 1924 1322 1972 uam
1340 1907 1509 1994 epu-101³·
1530 1921 1553 1956 ¹·

78 1991 147 2067 lati
167 1991 319 2178 fuepffirt
339 1987 416 2062 -fflu
443 1990 547 2084 ejus,
578 2015 805 2084 consurgens
821 1991 1003 2084 dilucu10,
1018 1993 1128 2066 offere
1176 2005 1193 2066 t
1244 1994 1434 2068 olocausta

78 2114 147 2184 per
166 2112 223 2158 sm
289 2109 342 2156 os.
1143 2103 1145 2109 ’

128 2181 204 2250 Pro
217 2187 382 2266 ternpore
402 2174 488 2261 illo,
502 2201 577 2266 quo
598 2177 756 2252 debebat
773 2179 917 2254 destrui
942 2179 1165 2270 Jerusalem,
1180 2178 1317 2252 dicitur
1333 2206 1340 2249 :
1357 2159 1442 2252 Voss
1453 2178 1512 2231 1⁸²³·
1531 2191 1573 2230 ²²

82 2274 183 2348 cavit
204 2265 388 2340 Dominus
403 2265 450 2336 ad
461 2265 591 2336 lletum
608 2277 644 2336 et
658 2269 869 2359 planctum,
887 2285 925 2338 et
944 2296 1027 2338 eece
1050 2273 1226 2361 gaudium
1242 2285 1281 2344 et
1295 2273 1434 2344 laetitia,

80 2364 258 2440 Occidere
286 2359 452 2449 vitulos,
481 2358 650 2452 jugulare
675 2360 831 2452 arietes,
858 2355 1049 2432 comedere
1075 2383 1225 2450 carnes,
1243 2373 1281 2432 et
1309 2365 1436 2434 bibere
1469 2421 1472 2428 .

82 2465 228 2540 vinum.
261 2453 507 2526 Comedamus
530 2463 566 2522 et
590 2453 781 2542 bibamus,
797 2476 877 2526 cras
900 2453 1002 2525 enim
1024 2454 1236 2526 moriemur.

132 2548 305 2628 Sacerdos
328 2559 365 2620 et
385 2543 565 2644 propbeta
589 2549 823 2636 nescierunt,
838 2571 915 2641 prae
932 2548 1110 2640 ebrietate
1128 2546 1217 2619 abso
1262 2549 1292 2620 ti
1308 2560 1398 2620 sunt
1414 2573 1437 2618 a
1453 2557 1514 2614 tuni.
1527 2559 1570 2611 aa

83 2651 196 2739 vino,
213 2654 433 2718 erraverunt
454 2653 497 2714 in
522 2641 707 2714 ebrietate.
730 2639 868 2712 Omnes
883 2641 985 2712 enim
1011 2663 1150 2712 mensae
1171 2665 1236 2736 rep
1252 2653 1320 2714 etse
1347 2654 1437 2718 sunt

83 2747 257 2832 vomitu,
285 2734 528 2831 sordiumque
556 2748 623 2809 etc.
1165 2817 1167 2820 ¹

131 2835 355 2922 Ptolomaeus
375 2831 476 2906 filius
495 2832 637 2922 Abobi,
659 2829 748 2903 feeit
770 2831 992 2906 convivium
1013 2831 1155 2904 Simoni
1178 2829 1377 2925 sacerdoti,
1399 2841 1437 2904 et
1457 2864 1480 2898 ι.
1494 2843 1631 2900 uacent

83 2931 230 3007 duobus
267 2929 354 3002 filiis
377 2929 459 3023 ejus
481 2936 520 2998 et
546 2951 631 2999 cum
651 2926 825 2999 inebriati
847 2938 993 3018 essent,
1010 2925 1145 2998 occidit
1167 2951 1241 3000 eos.
1504 2943 1506 2950 ’

130 3029 250 3100 Primi
276 3033 470 3116 parentes,
491 3047 558 3117 per
583 3046 689 3092 esum
719 3021 812 3117 ligni
836 3021 967 3113 vetiti,
993 3033 1252 3116 peecaverunt
1455 3019 1523 3072 ⁶⁶¹²·
1540 3019 1565 3069 ³·

132 3119 221 3188 Filii
233 3115 346 3185 lsrael
369 3117 564 3194 venientes
596 3115 637 3184 in
669 3114 871 3206 desertum,
918 3116 1015 3186 rimo
1043 3141 1111 3208 pro
1144 3118 1251 3212 aquis
1278 3116 1412 3190 amans
1428 3169 1438 3208 ,
1454 3143 1539 3195 Exod.
1559 3145 1598 3197 16.

86 3208 222 3286 deinde
249 3231 327 3310 pro·
342 3203 490 3278 defectu
516 3207 589 3278 cibi
613 3207 868 3280 murmurasse
888 3141 1075 3302 lbguntur.

138 3307 403 3376 intentatione
421 3300 573 3369 Domini
589 3299 794 3376 secundum
810 3299 941 3373 Matth.
959 3311 997 3371 et
1014 3300 1103 3372 Luc.
1114 3299 1269 3394 legitur:
1283 3303 1321 3372 Si
1336 3299 1436 3374 filius
1456 3335 1553 3386 mun,
1572 3337 1599 3407 4,

90 3401 158 3476 Dei
185 3423 223 3471 es
236 3450 246 3490 ,
261 3393 321 3467 dic
342 3403 386 3463 ut
401 3389 540 3484 lapides
572 3393 636 3462 isti
659 3419 773 3484 panes
793 3393 904 3485 fiant,
932 3405 1000 3468 etc.

138 3491 302 3564 Heredes
321 3483 454 3560 natalis
473 3482 533 3554 sui
553 3507 700 3559 coenam
720 3487 829 3577 fecit,
850 3487 928 3557 filia
943 3510 1034 3560 vero
1054 3485 1272 3558 Herodiadis
1291 3486 1344 3555 ibi
1362 3483 1439 3554 sal-
1457 3511 1554 3562 Maru.
1577 3511 1616 3579 ¹4·

91 3587 205 3675 tavit,
218 3595 255 3656 et
270 3577 409 3653 Herudi
429 3575 615 3674 simulque
631 3575 935 3650 recumbentibus
945 3577 1151 3670 placuit‚et
1161 3576 1232 3647 hac
1249 3576 1440 3672 occasione
1458 3579 1541 3629 nuc.
1557 3580 1583 3630 a

92 3679 295 3754 decollatus
318 3687 377 3748 est
398 3673 560 3746 loannes
581 3670 748 3780 Baptista
772 3669 819 3742 ad
841 3672 1057 3766 petitionem
1086 3669 1187 3742 illius
1210 3669 1415 3742 saltatricis.

143 3775 302 3870 Spiritus
331 3765 518 3844 immundi
539 3767 619 3840 loca
635 3765 830 3839 immunda
857 3765 1017 3861 diligunt
1035 3790 1042 3834 :
1058 3763 1170 3838 Unde
1191 3763 1439 3838 daemoniacus
1458 3795 1522 3850 Luc.
1540 3797 1566 3848 a

93 3869 178 3960 ille,
194 3869 260 3965 qui
274 3864 451 3956 habebat,
467 3861 648 3957 legionem
663 3861 704 3932 iu
720 3885 888 3957 empore,
902 3859 1093 3933 habitabat
1113 3859 1155 3932 in
1170 3860 1439 3953 monumentis,

95 3977 134 4036 et
156 3964 338 4036 daemones
360 3959 417 4032 illi
443 3957 622 4052 rogabant
646 3957 851 4030 Dominum
869 3956 1014 4048 Jesum,
1036 3968 1080 4027 ut
1101 3967 1281 4028 exeuntes
1299 3957 1443 4026 immit-

95 4069 266 4132 terentur
294 4059 337 4128 in
357 4077 506 4152 porcos,
524 4077 602 4126 non
624 4053 667 4126 in
692 4051 806 4127 boves
828 4051 890 4128 vel
912 4076 1045 4148 agnos,
1072 4073 1156 4148 quae
1182 4061 1271 4123 sunt
1299 4049 1442 4123 munda

96 4151 293 4252 annualia,
313 4149 456 4225 mundo
481 4159 671 4224 vescentes
701 4147 793 4220 cibo.

146 4247 287 4344 Conna
322 4245 447 4342 maces
484 4255 522 4338 et
551 4243 882 4342 conantiumbru
915 4255 1090 4410 usurpes
1102 4297 1113 4342 ,
1141 4240 1305 4320 maritum
1340 4239 1441 4320 valet
1457 4248 1521 4304 Luc·
1547 4248 1586 4302 ,a
