4310 5472
2053 234 2074 281 ἱ

772 395 824 476 86
865 391 981 478 ΤΙΤ.
1001 389 1137 477 XLV.
1158 393 1452 478 Dominarum
1472 394 1659 478 officium
1682 418 1782 510 erga
1801 391 1972 492 Servos,
1994 419 2086 488 etc.

768 519 2111 568 --—--———--——-⁶--„

770 605 897 703 sicque
922 629 990 702 per
1019 605 1155 700 viginti
1183 615 1301 679 annos
1328 607 1370 678 in
1395 606 1506 680 domo
1531 619 1602 680 tue
1624 608 1766 686 servivi
1790 608 1860 684 tibi
1883 635 1892 680 τ
1919 612 2130 704 immutasti]

769 727 920 798 quoque
939 702 1145 776 mercedem
1167 727 1289 776 meam
1313 701 1442 776 decem
1470 703 1632 778 vicibus.

572 808 640 861 een.
657 821 699 874 aa
818 797 988 892 Injustus
1005 797 1118 872 etiam
1135 796 1209 872 fuit
1229 798 1356 870 Laban
1372 821 1458 894 erga
1476 798 1500 870 J
1501 798 1613 891 aoob,
1631 798 1725 874 duin
1745 801 1780 876 ei
1799 801 1954 900 negarit
1979 805 2117 905 Raohd,

769 915 838 985 pro
859 916 935 988 qua
957 903 1095 966 tamem
1118 919 1150 992 7.
1180 894 1290 966 annis
1314 891 1371 966 illi
1391 893 1559 970 servivit.
2129 963 2130 996 p

573 991 641 1045 sen.
658 991 700 1060 ³e
823 985 908 1058 Jose
934 985 1024 1060 hob
1050 1013 1111 1079 ea,
1136 1013 1220 1086 quae
1265 988 1354 1061 essit
1375 989 1416 1062 in
1444 988 1555 1063 domo
1580 989 1773 1088 Putipher
1790 991 1939 1068 domini
1968 1000 2031 1072 sui
2041 1055 2053 1092 ,
2073 997 2130 1076 est

768 1012 960 1176 exempddr
985 1082 1105 1156 fidelis
1128 1097 1165 1158 et
1189 1014 1368 1156 industrii
1391 1088 1500 1160 servi.

471 1213 475 1220 ·
571 1175 632 1230 Job·
650 1179 748 1232 ³1·¹3·
814 1175 936 1265 Quam
951 1178 1076 1272 justus
1091 1177 1205 1252 fuerit
1223 1177 1295 1251 Job
1310 1203 1395 1274 erga
1410 1205 1499 1254 suos
1518 1203 1661 1274 servos,
1679 1183 1819 1258 indicat
1835 1182 1896 1256 his
1924 1189 2108 1262 verbiatsi

766 1271 973 1366 oontempsi
995 1273 1120 1348 subire
1137 1271 1322 1368 judicium
1344 1297 1431 1348 cum
1449 1301 1558 1353 servo
1578 1288 1719 1352 meoet
1740 1277 1876 1352 anciila
1897 1305 2016 1376 mea,
2042 1311 2101 1358 tm

763 1365 1013 1460 disceptarent
1040 1367 1243 1442 adversum
1265 1393 1336 1441 me.

570 1479 592 1514 1·
604 1464 667 1529 Res·
687 1479 728 1514 2²·
814 1459 919 1534 Servi
940 1462 1036 1555 regis
1057 1463 1145 1535 Saul
1163 1489 1186 1534 a
1205 1465 1367 1538 Domino
1389 1491 1458 1540 suo
1478 1469 1589 1564 jussi,
1609 1479 1653 1542 ut
1673 1467 1930 1544 interficerent
1952 1475 2100 1548 sacerdo

606 1543 646 1596 '⁷'
764 1565 833 1644 tes,
858 1553 1065 1628 noluerunt
1085 1557 1286 1631 extendere
1308 1583 1443 1634 manus
1467 1588 1552 1636 sues
1574 1564 1616 1639 in
1640 1563 1844 1637 sacerdotes
1866 1566 2036 1642 Domini.
2048 1571 2099 1642 Ne

764 1647 918 1720 luerunt
942 1673 1075 1745 nempe
1102 1653 1278 1748 iniquum
1305 1655 1459 1749 Domini
1485 1659 1544 1730 sui
1570 1655 1797 1732 mandatum
1811 1683 1882 1732 exe
1908 1665 1962 1736 ui.

571 1749 748 1817 erepant.
814 1742 918 1813 Armi
943 1767 983 1814 er
993 1745 1081 1817 Saul
1091 1747 1214 1818 noluit
1225 1747 1390 1822 occidere
1400 1749 1603 1826 Dominum
1622 1779 1751 1845 suurn,
1768 1753 1856 1828 h'cet
1865 1687 1912 1828 ab
1925 1783 1972 1831 eo
1985 1762 2098 1854 jussus

571 1873 597 1908 η.
611 1859 673 1923 neg.
689 1871 731 1908 αι.
812 1767 941 1910 David
950 1837 991 1910 in
1007 1839 1135 1935 praelio
1152 1841 1343 1936 deficiens,
1355 1867 1442 1918 cum
1457 1847 1499 1919 in
1516 1848 1681 1942 periculo
1697 1861 1808 1940 esset,
1822 1875 1871 1922 ne
1884 1853 1930 1924 ab
1948 1853 2098 1928 hostien

606 1921 657 2010 ¹⁶·.
764 1929 928 2024 quodam
944 1933 1232 2030 interficeretur,
1249 1936 1428 2012 liberatus
1444 1939 1518 2017 fuit
1535 1941 1673 2021 afideli
1689 1969 1798 2020 servo
1816 1971 1879 2020 suo
1891 1947 2099 2049 Abisei‚qui

559 2081 561 2086 ,
764 2024 971 2100 irruentem
992 2029 1226 2108 Philistaeum
1248 2033 1419 2108 oecidit..

569 2126 595 2192 i·
608 2127 671 2195 neg.
685 2125 710 2182 ⁵·
812 2119 979 2196 Naaman
1001 2125 1113 2224 Syro⁷
1141 2125 1229 2201 c'um
1257 2129 1359 2224 lepra
1383 2129 1585 2225 laboraret,
1616 2132 1728 2207 saluti
1756 2135 1826 2210 fuit
1846 2133 1990 2226 anciila,
2018 2163 2104 2233 quar

764 2216 962 2290 consilium
986 2223 1020 2292 ei
1042 2225 1240 2318 suggessit,
1261 2237 1305 2296 ut
1326 2223 1372 2296 ad
1397 2225 1575 2301 Elisseum
1596 2228 1821 2326 Prophetam
1844 2229 2048 2328 accederet,
2073 2249 2097 2307 et

762 2310 862 2406 apud
890 2337 978 2386 eum
1001 2319 1198 2414 sanitatem
1220 2331 1414 2415 quaereret

566 2411 591 2462 ³·
602 2411 742 2483 litei-¹4·
810 2405 981 2482 Salomon
999 2413 1102 2486 misit
1120 2437 1247 2487 servos
1265 2439 1353 2486 suos
1370 2413 1419 2484 ad
1434 2413 1681 2491 laborandum
1698 2420 1741 2492 in
1761 2422 1946 2496 libanum
1963 2427 2092 2498 tantim

761 2525 828 2592 per
844 2503 1009 2594 singulos
1024 2531 1170 2576 menses
1186 2508 1371 2595 vicissim,
1393 2507 1446 2576 ita
1470 2517 1514 2578 ut
1540 2509 1686 2584 duobus
1712 2516 1903 2590 mensibus
1926 2520 2091 2593 essentis

761 2590 935 2663 domibus
959 2596 1051 2665 suis:
1069 2621 1119 2667 ne
1139 2595 1313 2670 videlieet
1329 2599 1509 2672 continuo
1531 2602 1656 2678 labore
1676 2609 1837 2684 nimium
1857 2627 2090 2707 gravarentur.

565 2693 744 2762 trepens.
812 2683 918 2756 Giezi
943 2711 1074 2762 servus
1101 2689 1226 2761 Elisaei
1250 2691 1444 2788 Prophetae
1468 2709 1598 2772 eontra
1620 2701 1853 2777 voluntatem
1877 2709 2027 2782 Domini
2049 2711 2090 2780 sui

762 2799 919 2885 munera
944 2792 1072 2873 petens
1095 2807 1117 2854 a
1145 2781 1310 2859 Naaman
1327 2789 1441 2885 Syro,
1466 2803 1503 2864 et
1519 2796 1700 2872 mentitus
1720 2798 1884 2875 Domino
1900 2828 1985 2898 suo,
2007 2803 2090 2902 leprt

790 2883 986 2943 ercutrtur.

566 2962 641 3018 mih.
659 2963 686 3013 ⁶·
762 2893 787 2962 p
811 2963 1067 3039 Mardochaeua
1093 2970 1296 3055 Dominum
1318 3001 1429 3060 suum
1451 2981 1673 3078 Assuerum,
1700 2987 1866 3064 indicata
1885 2989 2089 3090 proditione,

679 3143 682 3158 ,
762 3078 784 3125 a
805 3069 923 3130 morte
943 3058 1122 3156 liberans,
1145 3065 1212 3140 diu
1236 3095 1303 3164 pro
1328 3070 1400 3145 hee
1422 3075 1497 3148 fide
1515 3077 1612 3152 nihil
1629 3083 1774 3178 proemii
1794 3097 2000 3162 consecutus
2020 3099 2087 3180 est,

761 3149 825 3220 sed
847 3151 998 3227 tandem
1018 3158 1203 3255 insignem
1223 3162 1405 3242 honorem
1428 3174 1578 3269 accepit.

809 3244 980 3323 Christus
1014 3254 1197 3330 Dominus
1227 3257 1387 3336 sormam
1417 3269 1517 3342 servi
1550 3271 1757 3368 accipiens,
1791 3277 1964 3352 omnibus
1990 3277 2090 3354 servia

756 3351 879 3436 potest
902 3369 981 3417 esse
1003 3349 1133 3424 solatio
1156 3364 1193 3425 et
1215 3356 1395 3452 exemplo.

805 3434 907 3510 Idem
920 3441 1014 3515 miri
1026 3449 1356 3543 semperpatientii
1368 3455 1580 3532 et'bonitate
1591 3481 1679 3535 cum
1689 3459 1882 3561 discipulis
1893 3469 1971 3544 suis
1981 3492 2092 3568 agens,

750 3555 885 3632 eorum
901 3541 1183 3614 necessitatibus
1199 3567 1434 3645 succurrens,
1445 3577 1507 3624 eos
1521 3557 1713 3632 instruens
1728 3571 1814 3652 ete,
1824 3573 1881 3636 est
1892 3567 2089 3664 exemplum

755 3627 929 3703 omnibus
949 3633 1138 3731 Dominis,
1157 3641 1344 3734 quomodo
1365 3669 1404 3718 se
1426 3671 1511 3742 erga
1532 3673 1619 3722 suos
1641 3677 1768 3730 servos
1790 3677 1916 3750 gerere
1939 3659 2090 3735 debeam

802 3723 847 3791 In
862 3727 1035 3815 parabola
1052 3733 1277 3807 talentorum
1294 3741 1515 3848 proponitur
1530 3754 1614 3816 tum
1631 3745 1788 3824 fidelitas
1810 3764 1847 3824 et
1862 3753 2023 3848 pigritia
2039 3778 2092 3828 ser·

754 3835 909 3922 porum,
937 3829 1021 3929 tum
1046 3823 1247 3901 liberalitas
1268 3832 1421 3908 Domini
1439 3843 1712 3916 remunerantis
1744 3845 1873 3920 fideles
1897 3871 2051 3948 servos,
2068 3859 2094 3920 ti

755 3917 901 3996 Justrtra
920 3918 1109 4016 pumentia
1131 3945 1283 3996 servum
1304 3925 1461 4021 pigrum.

561 4008 658 4058 status.
677 4011 703 4060 s.
804 3995 983 4073 Centeno
1005 4007 1181 4086 sollicitus
1202 4028 1271 4110 est,
1293 4032 1338 4093 ut
1359 4027 1553 4118 aegrotanti
1574 4053 1684 4105 servo
1703 4034 1898 4111 sanitatem
1920 4046 2095 4118 restituat

560 4104 658 4158 naun
678 4107 703 4158 a.
801 4088 904 4163 Idem
925 4107 1084 4174 testatur
1105 4107 1350 4188 obedientiam
1372 4143 1526 4194 suenum
1552 4149 1759 4202 servorum·
1769 4128 1830 4206 his
1843 4116 2006 4212 herbis:
2030 4139 2096 4210 dico

749 4180 1052 4374 hddff³eiadaecitet
1073 4199 1194 4300 vadit,
1216 4217 1254 4280 et
1278 4208 1362 4286 alii:
1388 4215 1496 4312 veni,
1517 4230 1554 4338 et
1575 4223 1697 4336 venit,
1727 4235 1763 4302 et
1789 4223 1900 4308 servo
1920 4254 2033 4312 meo:
2051 4230 2100 4308 iac

564 3245 634 3300 Phil.
652 3263 676 3300 2.
702 3267 725 3320 7.

562 3723 659 3777 Matth.
677 3727 721 3782 25.
