4452 5462
1053 389 1316 481 urceus
1353 321 1583 475 curru.
1632 375 1823 514 voum:

760 519 2113 558 Μ--η

1064 617 1438 708 TITULUS
1480 609 1810 700 chxxt

1356 793 1519 878 Votum.

592 1033 640 1066 en.
684 1049 692 1065 .
761 939 891 1068 Jacob
916 991 1056 1065 vadens
1079 989 1126 1062 ad
1152 989 1306 1063 domum
1326 985 1454 1058 Labau
1475 979 1657 1090 avunculi
1680 978 1742 1054 sui
1767 993 1853 1074 post
1869 995 2058 1064 ostensam
2076 995 2122 1065 si-

762 1089 802 1161 bi
824 1091 1020 1161 aDomino
1037 1085 1246 1179 visionem,
1267 1082 1377 1196 vovit
1401 1089 1536 1155 votum
1564 1075 1692 1151 dicens
1709 1099 1718 1143 ι
1737 1077 1776 1149 Si
1799 1075 1916 1153 fuerit
1935 1083 2129 1162 Dominus

764 1210 921 1257 mecum.
1675 1237 1681 1249 .
1989 1251 1996 1262 ,

596 1329 610 1360 u
698 1341 706 1357 .
813 1282 895 1352 Rex
916 1278 1014 1352 Arad
1035 1279 1218 1375 pugnavit
1239 1286 1368 1350 contra
1385 1270 1517 1361 lsrael,
1534 1282 1572 1344 et
1587 1271 1714 1346 victor
1729 1270 1897 1346 existens
1908 1275 1998 1348 tulit
2017 1303 2066 1350 ex
2079 1303 2126 1351 eo·

701 1439 705 1446 .
765 1375 938 1472 praedam.
959 1377 1008 1448 At
1025 1376 1139 1448 Israel
1155 1385 1248 1454 voto
1264 1399 1302 1444 se
1324 1369 1398 1444 obli
1443 1367 1502 1442 vit
1519 1365 1697 1461 Domino,
1712 1377 1750 1440 et
1767 1379 1894 1464 postea
1909 1370 2005 1445 vicit
2023 1399 2121 1446 eum.

814 1472 1053 1568 Pugnaturus
1082 1470 1216 1568 lephte
1246 1478 1375 1542 oontm
1400 1391 1497 1537 ilios
1530 1465 1718 1572 Ammon,
1738 1474 1871 1538 votum
1902 1469 2012 1542 vovit
2042 1469 2122 1540 Do·

766 1569 870 1640 mino
892 1567 1018 1640 diceus
1038 1593 1046 1637 :
1065 1568 1104 1639 Si
1125 1565 1321 1640 tradideris
1339 1561 1438 1634 filios
1457 1560 1622 1631 Ammon
1641 1583 1682 1630 rn
1704 1583 1835 1634 manus
1860 1586 1969 1634 meas.

574 1712 595 1744 1,
606 1696 669 1763 neg.
683 1714 705 1747 ¹,
817 1655 1746 1754 OravitAnnaDominum,flenslargiter,etvotum
1756 1655 2116 1744 vovirmioenssno-

768 1759 868 1830 mine
878 1747 2106 1842 exercituum,sidederismihisexumvirilem‚daboeumllomino

572 1893 593 1927 ι.
603 1876 665 1942 neg.
679 1873 715 1926 15.
816 1843 979 1916 Absalon
985 1843 1120 1918 'volens
1133 1846 1307 1917 rebellare
1318 1848 1415 1939 patri
1428 1870 1496 1916 suo
1507 1843 1647 1935 David,
1658 1843 1756 1916 dixit
1766 1839 2114 1916 adnavtdzvadam

769 1953 806 2011 et
827 1938 979 2012 reddam
1002 1951 1091 2015 vota
1113 1963 1215 2031 mea,
1230 1963 1314 2036 quae
1335 1941 1427 2013 vovi
1447 1937 1610 2012 Dominb
1633 1942 1677 2036 in
1697 1939 1858 2013 Hebron.
1878 1936 2030 2010 Vovens
2048 1963 2118 2010 vo-

767 2037 826 2110 vit
852 2060 984 2110 servus
1007 2046 1095 2108 tuus
1118 2059 1204 2107 cum
1226 2046 1321 2108 esset
1342 2035 1384 2107 in
1410 2035 1550 2108 Gessur
1567 2033 1841 2134 Syriae,dioens
1859 2059 1867 2103 :
1886 2034 1918 2108 si
1928 2031 2119 2106 reduxerit

767 2153 841 2204 mel
851 2131 1035 2204 Dominus
1063 2132 1105 2204 iu
1128 2129 1353 2223 Jerusalem,
1376 2128 1588 2204 sacrificabo
1607 2131 1782 2204 Domino.
1922 2213 1929 2226 ¹

574 2239 694 2290 eram.
710 2237 752 2292 ιε.
818 2229 891 2296 Asa
910 2251 980 2299 rex
1005 2223 1120 2320 luda,
1135 2251 1199 2320 ea,
1219 2251 1303 2324 quae
1323 2237 1480 2301 voverat
1500 2238 1606 2322 pater
1627 2254 1737 2320 suus,
1753 2225 1889 2302 obtulit
1906 2227 1945 2300 in
1969 2225 2121 2300 domum

770 2321 924 2394 Domini
946 2335 1160 2418 argentum,
1181 2349 1339 2418 aurum,
1359 2347 1613 2420 vasorumque
1637 2323 1827 2399 diversam
1849 2320 2123 2419 supellectilem.

2059 667 2066 680 ·
2204 374 2210 764 l

2206 1095 2209 1176 4

2202 1215 2209 1324 l

2204 1405 2207 1471 l

2198 1471 2208 1971 l

2204 1961 2208 2061 l

482 2507 489 2516 ἢ
574 2455 594 2488 ι.
610 2435 695 2490 Perat.
711 2453 754 2505 29.
819 2419 983 2491 Laetetus
999 2429 1055 2490 est
1075 2418 1355 2517 populus,cum
1376 2430 1466 2492 vota
1488 2431 1620 2586 εῐῦοηῒθ
1640 2422 1891 2516 promitteret,
1907 2419 1996 2514 quia
2017 2415 2123 2490 corde
2207 2480 2209 2504 ,ἵ

771 2524 850 2585 toto
870 2512 1073 2587 offerebant
1094 2540 1137 2588 ea
1162 2515 1345 2608 Domino,
1366 2513 1430 2588 sed
1451 2527 1488 2594 et
1545 2515 1631 2588 ovid
1653 2539 1724 2590 rex
1741 2514 1887 2588 laetatus
1911 2525 1978 2586 est.

578 2651 604 2685 η.
616 2639 700 2690 rarat.
713 2642 757 2692 31.
819 2609 906 2680 Filii
925 2609 1039 2682 Isra'el
1055 2623 1092 2683 et
1105 2608 1203 2683 Juda
1219 2610 1438 2684 obtuleruut
1453 2607 1637 2705 decimes,
1678 2635 1745 2686 uas
1756 2609 2128 2685 voverantDomino.

580 2745 605 2781 2.
622 2732 722 2784 rma.
819 2705 900 2777 Rex
922 2705 1151 2779 Artaxerxes
1174 2707 1347 2802 praecepit
1367 2705 1496 2778 Esdrae
1518 2718 1555 2778 et
1571 2733 1643 2804 pop
1684 2731 1726 2799 o,
1741 2719 1783 2780 ut
1803 2703 1944 2778 ferrent
1969 2727 2130 2778 munera
2206 2807 2208 2822 Λ

771 2799 933 2872 Domino
954 2801 1033 2872 Deo
1058 2801 1189 2893 Israel,
1205 2826 1290 2897 quae
1319 2814 1503 2876 voverant
1524 2812 1591 2874 etc.

577 2919 680 2971 sustu.
693 2920 733 2971 rs.
823 2895 953 2966 Omnis
975 2981 976 2984 Ἴ
993 2896 1128 2984 opulus
1142 2908 1226 2990 post
1241 2898 1436 2971 victoriam
1452 2897 1602 2971 venitin
1613 2895 1813 2966 Jerusalem
1824 2893 1978 2962 adorare
1988 2891 2137 2962 Domi-

747 3045 749 3050 .
774 3002 866 3048 num
882 2990 935 3068 ,et
950 3003 974 3050 o
999 2987 1169 3055 tulerunt
1185 3011 1313 3060 onmes
1329 2988 1555 3081 holocausta,
1566 2999 1672 3078 rota,
1682 2999 1720 3060 et
1734 2985 2002 3081 promissiones
2021 3009 2142 3056 suasr

579 3100 652 3151 rone
665 3114 685 3148 t·
777 3127 801 3183 '.
822 3072 930 3167 Viri,
950 3074 1017 3170 qui
1039 3090 1146 3150 erant
1170 3079 1212 3150 in
1237 3083 1350 3173 navi,
1371 3085 1437 3158 ubi
1451 3083 1539 3156 -fuit
1560 3083 1672 3154 lonas
1693 3078 1891 3176 propheta,
1909 3077 2139 3150 timuerunt

774 3180 907 3242 umore
928 3194 1085 3266 magno,
1105 3183 1146 3245 et
1163 3173 1454 3251 immolaverunt
1476 3178 1618 3252 hostias
1637 3176 1808 3249 Domino.

580 3303 607 3340 2.
621 3283 744 3340 uscue.
821 3264 1045 3339 Heliodorus
1062 3266 1193 3342 volens
1212 3273 1385 3346 aerarium
1408 3272 1588 3369 spoliare,
1603 3283 1641 3344 et
1655 3271 1822 3367 deposita
1840 3269 1886 3342 de
1905 3268 2045 3364 templo
2063 3293 2138 3340 au-

773 3359 870 3435 ferre
884 3413 894 3453 ‚
909 3359 984 3434 fuit
1004 3363 1146 3436 virtute
1167 3363 1299 3440 divina
1317 3369 1480 3460 graviter
1499 3365 1713 3464 flagellatus
1737 3363 1880 3438 Deinde
1895 3375 2051 3436 sanatus
2068 3389 2136 3459 per

774 3456 978 3532 orationem
1002 3457 1131 3551 Ouiae,
1145 3459 1270 3534 hostit
1292 3463 1371 3533 Deo
1394 3463 1543 3557 oblata,
1566 3475 1603 3536 et
1628 3463 1727 3537 votis
1750 3460 1894 3554 magnis
1915 3459 2145 3554 promissis,

773 3552 965 3648 repedavit
987 3553 1034 3624 ad
1058 3579 1193 3650 regem.
1543 3591 1549 3597 ·

437 3727 450 3752 ἢ
581 3667 706 3722 susci.
719 3685 747 3736 9.
823 3650 1025 3742 Postquam
1048 3674 1245 3744 percussus
1262 3650 1336 3724 fuit
1357 3677 1381 3724 a
1397 3654 1475 3726 Deo
1501 3651 1716 3726 Antiochus
1732 3649 1950 3748 gravissima
1970 3659 2010 3719 et
2037 3647 2145 3722 insa-

776 3740 892 3908 ffili
913 3743 1036 3909 plepgm
1052 3743 1237 3838 pollicitus
1259 3758 1316 3820 est
1336 3747 1359 3818 J
1361 3746 1492 3841 udaeis,
1509 3748 1647 3843 templo
1673 3745 1995 3842 ierosolymorum
2020 3747 2146 3818 mira-

734 3887 744 3898 .
834 3893 835 3896 η
894 3861 933 3908 se
975 3850 1032 3911 act
1082 3864 1156 3912 um.

581 3959 646 4011 nuc.
660 3973 684 4008 ι.
828 3931 940 4002 Beata
950 3865 1196 4029 VirgtpMma
1210 3935 1272 4010 vir
1296 3936 1463 4010 'nitatem
1480 3937 1629 4012 vovisse
1645 3936 1818 4025 videtur,
1830 3957 1895 4030 per
1914 3929 2016 4020 hoc,
2033 3931 2151 4032 quod

782 4024 861 4096 ait:
885 4025 1079 4111 Quomodo
1097 4029 1162 4101 fiet
1183 3961 1307 4123 istud,¹
1325 4033 1502 4127 quoniam
1525 4033 1649 4105 virum
1674 4057 1753 4102 non
1774 4022 1989 4124 cognosco?

582 4132 725 4188 retorna.
831 4116 987 4190 Crudele
1019 4132 1152 4196 votum
1172 4138 1210 4195 et
1234 4125 1390 4221 impium
1419 4125 1589 4198 fecerunt
1612 4125 1668 4197 illi
1686 4123 1836 4212 ludaei,
1858 4121 1927 4217 qui
1953 4123 2151 4197 acceden-

782 4225 836 4321 tes
853 4212 905 4322 ld
921 4214 1105 4310 principes
1124 4215 1354 4292 sacerdotum
1376 4219 1575 4294 dixerunt:
1593 4221 1800 4294 Devotione
1822 4215 2066 4295 devovimus
2081 4243 2155 4294 nos

780 4307 880 4386 nihil
904 4321 1138 4409 gustaturos,
1157 4312 1281 4389 donec¹
1296 4314 1506 4393 occidamus
1524 4312 1696 4408 Batulum·
1725 4387 1731 4394 .
