<?xml version="1.0" encoding="UTF-8"?>
<!DOCTYPE html PUBLIC "-//W3C//DTD XHTML 1.0 Transitional//EN"
    "http://www.w3.org/TR/xhtml1/DTD/xhtml1-transitional.dtd">
<html xmlns="http://www.w3.org/1999/xhtml" xml:lang="en" lang="en">
 <head>
  <title>
</title>
<meta http-equiv="Content-Type" content="text/html;charset=utf-8" />
  <meta name='ocr-system' content='tesseract 3.04.00' />
  <meta name='ocr-capabilities' content='ocr_page ocr_carea ocr_par ocr_line ocrx_word'/>
</head>
<body>
  <div class='ocr_page' id='page_1' title='image "./exemplabiblicai00hanagoog_0066.png"; bbox 0 0 4502 5484; ppageno 0'>
   <div class='ocr_carea' id='block_1_1' title="bbox 268 359 1468 543">
    <p class='ocr_par' dir='ltr' id='par_1_1' title="bbox 268 359 1468 543">
     <span class='ocr_line' id='line_1_1' title="bbox 268 359 1468 543; baseline -0.002 -23"><span class='ocrx_word' id='word_1_1' title='bbox 268 359 531 520; x_wconf 69' lang='lat' dir='ltr'>TlTULUS</span> <span class='ocrx_word' id='word_1_2' title='bbox 568 417 743 532; x_wconf 80' lang='lat' dir='ltr'>XXVII.</span> <span class='ocrx_word' id='word_1_3' title='bbox 774 429 994 516; x_wconf 83' lang='lat' dir='ltr'>Confessio</span> <span class='ocrx_word' id='word_1_4' title='bbox 1032 433 1326 543; x_wconf 81' lang='lat' dir='ltr'>peccatorum.</span> <span class='ocrx_word' id='word_1_5' title='bbox 1413 437 1468 518; x_wconf 50' lang='lat'>51*</span> 
     </span>
    </p>
   </div>
   <div class='ocr_carea' id='block_1_2' title="bbox 39 655 1781 4396">
    <p class='ocr_par' dir='ltr' id='par_1_2' title="bbox 39 655 1781 2234">
     <span class='ocr_line' id='line_1_2' title="bbox 39 655 1619 754; baseline -0.006 -16"><span class='ocrx_word' id='word_1_6' title='bbox 39 704 49 746; x_wconf 54' lang='grc' dir='ltr'>ι,</span> <span class='ocrx_word' id='word_1_7' title='bbox 176 665 269 738; x_wconf 88' lang='lat' dir='ltr'><strong>Item</strong></span> <span class='ocrx_word' id='word_1_8' title='bbox 287 661 433 734; x_wconf 83' lang='lat' dir='ltr'><strong>Pharao</strong></span> <span class='ocrx_word' id='word_1_9' title='bbox 449 661 569 732; x_wconf 82' lang='lat' dir='ltr'><strong>dixit:</strong></span> <span class='ocrx_word' id='word_1_10' title='bbox 585 659 742 734; x_wconf 84' lang='lat' dir='ltr'>Peccavi</span> <span class='ocrx_word' id='word_1_11' title='bbox 758 659 800 731; x_wconf 88' lang='lat' dir='ltr'>in</span> <span class='ocrx_word' id='word_1_12' title='bbox 814 657 1020 732; x_wconf 86' lang='lat' dir='ltr'>Dominum</span> <span class='ocrx_word' id='word_1_13' title='bbox 1034 667 1071 730; x_wconf 88' lang='lat' dir='ltr'>et</span> <span class='ocrx_word' id='word_1_14' title='bbox 1083 657 1125 732; x_wconf 90' lang='lat' dir='ltr'>in</span> <span class='ocrx_word' id='word_1_15' title='bbox 1140 683 1219 732; x_wconf 88' lang='lat' dir='ltr'>vos.</span> <span class='ocrx_word' id='word_1_16' title='bbox 1248 659 1297 731; x_wconf 88' lang='lat' dir='ltr'>Et</span> <span class='ocrx_word' id='word_1_17' title='bbox 1318 657 1469 754; x_wconf 84' lang='lat' dir='ltr'>peccavi</span> <span class='ocrx_word' id='word_1_18' title='bbox 1487 655 1571 710; x_wconf 58' lang='grc' dir='ltr'>ΕΜ·</span> <span class='ocrx_word' id='word_1_19' title='bbox 1592 678 1619 728; x_wconf 76' lang='lat' dir='ltr'>o</span> 
     </span>
     <span class='ocr_line' id='line_1_3' title="bbox 126 752 1396 920; baseline -0.007 -88.641"><span class='ocrx_word' id='word_1_20' title='bbox 126 759 243 832; x_wconf 85' lang='lat' dir='ltr'>etiam</span> <span class='ocrx_word' id='word_1_21' title='bbox 264 781 386 846; x_wconf 89' lang='lat' dir='ltr'>nunc,</span> <span class='ocrx_word' id='word_1_22' title='bbox 401 755 584 826; x_wconf 86' lang='lat' dir='ltr'>Dominus</span> <span class='ocrx_word' id='word_1_23' title='bbox 602 758 744 850; x_wconf 86' lang='lat' dir='ltr'>justus,</span> <span class='ocrx_word' id='word_1_24' title='bbox 770 767 807 826; x_wconf 89' lang='lat' dir='ltr'>et</span> <span class='ocrx_word' id='word_1_25' title='bbox 817 778 890 920; x_wconf 54' lang='lat'>33⁰</span> <span class='ocrx_word' id='word_1_26' title='bbox 911 763 948 824; x_wconf 86' lang='lat' dir='ltr'>et</span> <span class='ocrx_word' id='word_1_27' title='bbox 968 752 1129 847; x_wconf 85' lang='lat' dir='ltr'>populus</span> <span class='ocrx_word' id='word_1_28' title='bbox 1151 777 1257 826; x_wconf 90' lang='lat' dir='ltr'>meus</span> <span class='ocrx_word' id='word_1_29' title='bbox 1279 754 1396 848; x_wconf 90' lang='lat' dir='ltr'>impii.</span> 
     </span>
     <span class='ocr_line' id='line_1_4' title="bbox 177 843 1647 952; baseline -0.001 -27"><span class='ocrx_word' id='word_1_30' title='bbox 177 852 265 925; x_wconf 82' lang='lat' dir='ltr'>Saul</span> <span class='ocrx_word' id='word_1_31' title='bbox 287 851 365 922; x_wconf 82' lang='lat' dir='ltr'>ait:</span> <span class='ocrx_word' id='word_1_32' title='bbox 388 849 562 952; x_wconf 69' lang='lat' dir='ltr'>peceavi,</span> <span class='ocrx_word' id='word_1_33' title='bbox 574 859 744 943; x_wconf 83' lang='lat' dir='ltr'>apparet,</span> <span class='ocrx_word' id='word_1_34' title='bbox 763 875 816 944; x_wconf 88' lang='lat' dir='ltr'>qu</span> <span class='ocrx_word' id='word_1_35' title='bbox 840 869 842 874; x_wconf 76' lang='grc'>’</span> <span class='ocrx_word' id='word_1_36' title='bbox 888 843 984 922; x_wconf 87' lang='lat' dir='ltr'>suite</span> <span class='ocrx_word' id='word_1_37' title='bbox 1005 850 1143 944; x_wconf 84' lang='lat' dir='ltr'><strong>egerim</strong></span> <span class='ocrx_word' id='word_1_38' title='bbox 1167 861 1205 919; x_wconf 90' lang='lat' dir='ltr'>et</span> <span class='ocrx_word' id='word_1_39' title='bbox 1219 849 1470 944; x_wconf 84' lang='lat' dir='ltr'>ignoraverim</span> <span class='ocrx_word' id='word_1_40' title='bbox 1489 872 1512 908; x_wconf 82' lang='lat'>¹·</span> <span class='ocrx_word' id='word_1_41' title='bbox 1527 859 1589 923; x_wconf 66' lang='lat' dir='ltr'>neg.</span> <span class='ocrx_word' id='word_1_42' title='bbox 1605 849 1647 906; x_wconf 77' lang='lat'>²⁶·</span> 
     </span>
     <span class='ocr_line' id='line_1_5' title="bbox 127 946 399 1020; baseline -0.029 0"><span class='ocrx_word' id='word_1_43' title='bbox 127 947 251 1020; x_wconf 85' lang='lat' dir='ltr'>multa</span> <span class='ocrx_word' id='word_1_44' title='bbox 275 946 399 1018; x_wconf 88' lang='lat' dir='ltr'>nimis.</span> 
     </span>
     <span class='ocr_line' id='line_1_6' title="bbox 180 1030 1781 1132; baseline -0.001 -20"><span class='ocrx_word' id='word_1_45' title='bbox 180 1043 275 1112; x_wconf 80' lang='lat' dir='ltr'>item</span> <span class='ocrx_word' id='word_1_46' title='bbox 293 1039 428 1111; x_wconf 84' lang='lat' dir='ltr'>ludas:</span> <span class='ocrx_word' id='word_1_47' title='bbox 446 1036 602 1108; x_wconf 87' lang='lat' dir='ltr'>Peccavi</span> <span class='ocrx_word' id='word_1_48' title='bbox 614 1033 763 1110; x_wconf 86' lang='lat' dir='ltr'>tradens</span> <span class='ocrx_word' id='word_1_49' title='bbox 787 1030 1003 1131; x_wconf 81' lang='lat' dir='ltr'>sanguinem</span> <span class='ocrx_word' id='word_1_50' title='bbox 1018 1040 1173 1132; x_wconf 56' lang='lat' dir='ltr'>justum,</span> <span class='ocrx_word' id='word_1_51' title='bbox 1193 1033 1329 1110; x_wconf 84' lang='lat' dir='ltr'>Nullus</span> <span class='ocrx_word' id='word_1_52' title='bbox 1345 1049 1470 1110; x_wconf 83' lang='lat' dir='ltr'>tamen</span> <span class='ocrx_word' id='word_1_53' title='bbox 1489 1053 1586 1107; x_wconf 69' lang='lat' dir='ltr'>uitri.</span> <span class='ocrx_word' id='word_1_54' title='bbox 1604 1067 1648 1120; x_wconf 69' lang='grc' dir='ltr'>η.</span> <span class='ocrx_word' id='word_1_55' title='bbox 1778 1103 1781 1110; x_wconf 92' lang='grc'><em>.</em></span> 
     </span>
     <span class='ocr_line' id='line_1_7' title="bbox 129 1129 1445 1240; baseline -0.005 -33"><span class='ocrx_word' id='word_1_56' title='bbox 129 1159 183 1207; x_wconf 85' lang='lat' dir='ltr'>ex</span> <span class='ocrx_word' id='word_1_57' title='bbox 204 1135 279 1208; x_wconf 88' lang='lat' dir='ltr'>illis</span> <span class='ocrx_word' id='word_1_58' title='bbox 300 1134 451 1206; x_wconf 87' lang='lat' dir='ltr'>veniam</span> <span class='ocrx_word' id='word_1_59' title='bbox 474 1139 696 1200; x_wconf 86' lang='lat' dir='ltr'>consecutus</span> <span class='ocrx_word' id='word_1_60' title='bbox 713 1145 787 1223; x_wconf 86' lang='lat' dir='ltr'>est,</span> <span class='ocrx_word' id='word_1_61' title='bbox 809 1132 898 1240; x_wconf 81' lang='lat' dir='ltr'>quia</span> <span class='ocrx_word' id='word_1_62' title='bbox 915 1155 992 1201; x_wconf 91' lang='lat' dir='ltr'>non</span> <span class='ocrx_word' id='word_1_63' title='bbox 1007 1144 1109 1202; x_wconf 89' lang='lat' dir='ltr'>recto</span> <span class='ocrx_word' id='word_1_64' title='bbox 1124 1131 1233 1202; x_wconf 90' lang='lat' dir='ltr'>corde</span> <span class='ocrx_word' id='word_1_65' title='bbox 1256 1129 1445 1202; x_wconf 84' lang='lat' dir='ltr'>dixerunt.</span> 
     </span>
     <span class='ocr_line' id='line_1_8' title="bbox 39 1221 1649 1314; baseline -0.002 -12"><span class='ocrx_word' id='word_1_66' title='bbox 39 1287 40 1302; x_wconf 64' lang='grc'>,</span> <span class='ocrx_word' id='word_1_67' title='bbox 183 1228 311 1300; x_wconf 83' lang='lat' dir='ltr'>Simile</span> <span class='ocrx_word' id='word_1_68' title='bbox 337 1225 437 1296; x_wconf 80' lang='lat' dir='ltr'>dixit</span> <span class='ocrx_word' id='word_1_69' title='bbox 454 1221 576 1294; x_wconf 88' lang='lat' dir='ltr'>David</span> <span class='ocrx_word' id='word_1_70' title='bbox 598 1221 708 1294; x_wconf 90' lang='lat' dir='ltr'>corde</span> <span class='ocrx_word' id='word_1_71' title='bbox 725 1223 885 1314; x_wconf 80' lang='lat' dir='ltr'>humili,</span> <span class='ocrx_word' id='word_1_72' title='bbox 906 1235 943 1294; x_wconf 88' lang='lat' dir='ltr'>et</span> <span class='ocrx_word' id='word_1_73' title='bbox 964 1223 1092 1296; x_wconf 84' lang='lat' dir='ltr'>audire</span> <span class='ocrx_word' id='word_1_74' title='bbox 1113 1226 1271 1296; x_wconf 82' lang='lat' dir='ltr'>meruit:</span> <span class='ocrx_word' id='word_1_75' title='bbox 1288 1224 1471 1297; x_wconf 84' lang='lat' dir='ltr'>Dominus</span> <span class='ocrx_word' id='word_1_76' title='bbox 1490 1248 1515 1284; x_wconf 81' lang='lat'>2·</span> <span class='ocrx_word' id='word_1_77' title='bbox 1530 1235 1592 1299; x_wconf 69' lang='lat' dir='ltr'>neg·</span> <span class='ocrx_word' id='word_1_78' title='bbox 1610 1246 1649 1282; x_wconf 71' lang='lat'>¹²</span> 
     </span>
     <span class='ocr_line' id='line_1_9' title="bbox 39 1320 687 1394; baseline -0.011 -2"><span class='ocrx_word' id='word_1_79' title='bbox 39 1389 40 1392; x_wconf 74' lang='grc'>,</span> <span class='ocrx_word' id='word_1_80' title='bbox 129 1320 328 1394; x_wconf 73' lang='lat' dir='ltr'>transtulit</span> <span class='ocrx_word' id='word_1_81' title='bbox 397 1330 542 1390; x_wconf 78' lang='lat' dir='ltr'>coetum</span> <span class='ocrx_word' id='word_1_82' title='bbox 567 1328 687 1388; x_wconf 88' lang='lat' dir='ltr'>tuum.</span> 
     </span>
     <span class='ocr_line' id='line_1_10' title="bbox 39 1410 1635 1510; baseline -0.006 -25"><span class='ocrx_word' id='word_1_83' title='bbox 39 1419 42 1424; x_wconf 84' lang='lat'>&#39;</span> <span class='ocrx_word' id='word_1_84' title='bbox 188 1411 324 1485; x_wconf 82' lang='lat' dir='ltr'>Afflicti</span> <span class='ocrx_word' id='word_1_85' title='bbox 389 1414 408 1428; x_wconf 91' lang='lat'>&#39;&#39;</span> <span class='ocrx_word' id='word_1_86' title='bbox 435 1411 547 1483; x_wconf 71' lang='lat' dir='ltr'>lsrael</span> <span class='ocrx_word' id='word_1_87' title='bbox 569 1413 637 1505; x_wconf 75' lang='lat' dir='ltr'>ptr</span> <span class='ocrx_word' id='word_1_88' title='bbox 650 1411 786 1505; x_wconf 89' lang='lat' dir='ltr'>ignitos</span> <span class='ocrx_word' id='word_1_89' title='bbox 813 1423 1001 1509; x_wconf 85' lang='lat' dir='ltr'>serpentes</span> <span class='ocrx_word' id='word_1_90' title='bbox 1021 1423 1209 1485; x_wconf 87' lang='lat' dir='ltr'>venerunt</span> <span class='ocrx_word' id='word_1_91' title='bbox 1230 1410 1276 1484; x_wconf 88' lang='lat' dir='ltr'>ad</span> <span class='ocrx_word' id='word_1_92' title='bbox 1299 1417 1475 1510; x_wconf 86' lang='lat' dir='ltr'>Moysen,</span> <span class='ocrx_word' id='word_1_93' title='bbox 1493 1434 1573 1486; x_wconf 80' lang='lat' dir='ltr'>num.</span> <span class='ocrx_word' id='word_1_94' title='bbox 1592 1429 1635 1478; x_wconf 74' lang='lat'>23.</span> 
     </span>
     <span class='ocr_line' id='line_1_11' title="bbox 135 1505 1476 1603; baseline 0.001 -25"><span class='ocrx_word' id='word_1_95' title='bbox 135 1521 252 1603; x_wconf 86' lang='lat' dir='ltr'>atque</span> <span class='ocrx_word' id='word_1_96' title='bbox 281 1507 490 1579; x_wconf 85' lang='lat' dir='ltr'>dixerunt:</span> <span class='ocrx_word' id='word_1_97' title='bbox 520 1507 786 1600; x_wconf 75' lang='lat' dir='ltr'>Peccavimus,</span> <span class='ocrx_word' id='word_1_98' title='bbox 819 1511 997 1603; x_wconf 87' lang='lat' dir='ltr'>quoniam</span> <span class='ocrx_word' id='word_1_99' title='bbox 1028 1505 1145 1579; x_wconf 90' lang='lat' dir='ltr'>locuti</span> <span class='ocrx_word' id='word_1_100' title='bbox 1180 1532 1309 1580; x_wconf 88' lang='lat' dir='ltr'>sumus</span> <span class='ocrx_word' id='word_1_101' title='bbox 1345 1517 1476 1580; x_wconf 84' lang='lat' dir='ltr'>contra</span> 
     </span>
     <span class='ocr_line' id='line_1_12' title="bbox 134 1601 894 1692; baseline -0.001 -18"><span class='ocrx_word' id='word_1_102' title='bbox 134 1601 364 1692; x_wconf 87' lang='lat' dir='ltr'>Dominum,</span> <span class='ocrx_word' id='word_1_103' title='bbox 386 1612 423 1672; x_wconf 89' lang='lat' dir='ltr'>et</span> <span class='ocrx_word' id='word_1_104' title='bbox 452 1613 583 1672; x_wconf 83' lang='lat' dir='ltr'>contra</span> <span class='ocrx_word' id='word_1_105' title='bbox 603 1612 651 1670; x_wconf 91' lang='lat' dir='ltr'>te.</span> <span class='ocrx_word' id='word_1_106' title='bbox 889 1669 894 1673; x_wconf 88' lang='lat'><em>.</em></span> 
     </span>
     <span class='ocr_line' id='line_1_13' title="bbox 188 1693 1638 1791; baseline -0.003 -25"><span class='ocrx_word' id='word_1_107' title='bbox 188 1696 437 1768; x_wconf 86' lang='lat' dir='ltr'>Vehementer</span> <span class='ocrx_word' id='word_1_108' title='bbox 458 1694 623 1791; x_wconf 77' lang='lat' dir='ltr'>oppressi</span> <span class='ocrx_word' id='word_1_109' title='bbox 649 1693 718 1768; x_wconf 89' lang='lat' dir='ltr'>filii</span> <span class='ocrx_word' id='word_1_110' title='bbox 738 1695 888 1768; x_wconf 66' lang='lat' dir='ltr'>Israeli</span> <span class='ocrx_word' id='word_1_111' title='bbox 910 1693 1110 1769; x_wconf 83' lang='lat' dir='ltr'>Philistaeis</span> <span class='ocrx_word' id='word_1_112' title='bbox 1135 1695 1172 1768; x_wconf 85' lang='lat' dir='ltr'>et</span> <span class='ocrx_word' id='word_1_113' title='bbox 1189 1695 1276 1768; x_wconf 83' lang='lat' dir='ltr'>filiis</span> <span class='ocrx_word' id='word_1_114' title='bbox 1294 1697 1454 1769; x_wconf 80' lang='lat' dir='ltr'>Ammon</span> <span class='ocrx_word' id='word_1_115' title='bbox 1494 1714 1580 1769; x_wconf 70' lang='lat' dir='ltr'>sudis.</span> <span class='ocrx_word' id='word_1_116' title='bbox 1599 1729 1638 1764; x_wconf 79' lang='grc' dir='ltr'>ιο.</span> 
     </span>
     <span class='ocr_line' id='line_1_14' title="bbox 140 1749 1478 1890; baseline -0.001 -28"><span class='ocrx_word' id='word_1_117' title='bbox 140 1791 322 1862; x_wconf 86' lang='lat' dir='ltr'>dixerunt</span> <span class='ocrx_word' id='word_1_118' title='bbox 339 1790 385 1860; x_wconf 86' lang='lat' dir='ltr'>ad</span> <span class='ocrx_word' id='word_1_119' title='bbox 407 1792 634 1862; x_wconf 90' lang='lat' dir='ltr'>Dominum:</span> <span class='ocrx_word' id='word_1_120' title='bbox 656 1793 910 1890; x_wconf 69' lang='lat' dir='ltr'>pensavimus,</span> <span class='ocrx_word' id='word_1_121' title='bbox 941 1791 1052 1862; x_wconf 91' lang='lat' dir='ltr'>redde</span> <span class='ocrx_word' id='word_1_122' title='bbox 1076 1803 1122 1862; x_wconf 91' lang='lat' dir='ltr'>tu</span> <span class='ocrx_word' id='word_1_123' title='bbox 1146 1792 1273 1884; x_wconf 91' lang='lat' dir='ltr'>nobis,</span> <span class='ocrx_word' id='word_1_124' title='bbox 1295 1749 1478 1887; x_wconf 83' lang='lat' dir='ltr'>quidquid</span> 
     </span>
     <span class='ocr_line' id='line_1_15' title="bbox 141 1884 950 1980; baseline 0 -23"><span class='ocrx_word' id='word_1_125' title='bbox 141 1887 213 1957; x_wconf 89' lang='lat' dir='ltr'>tibi</span> <span class='ocrx_word' id='word_1_126' title='bbox 245 1884 386 1980; x_wconf 85' lang='lat' dir='ltr'>placet,</span> <span class='ocrx_word' id='word_1_127' title='bbox 412 1897 561 1956; x_wconf 88' lang='lat' dir='ltr'>tantum</span> <span class='ocrx_word' id='word_1_128' title='bbox 595 1909 698 1976; x_wconf 86' lang='lat' dir='ltr'>nunc</span> <span class='ocrx_word' id='word_1_129' title='bbox 725 1886 842 1957; x_wconf 86' lang='lat' dir='ltr'>libera</span> <span class='ocrx_word' id='word_1_130' title='bbox 870 1911 950 1957; x_wconf 89' lang='lat' dir='ltr'>nos.</span> 
     </span>
     <span class='ocr_line' id='line_1_16' title="bbox 193 1975 1657 2087; baseline -0.003 -37"><span class='ocrx_word' id='word_1_131' title='bbox 193 1978 451 2073; x_wconf 65' lang='lat' dir='ltr'>deprehensus</span> <span class='ocrx_word' id='word_1_132' title='bbox 472 1975 594 2049; x_wconf 87' lang='lat' dir='ltr'>David</span> <span class='ocrx_word' id='word_1_133' title='bbox 616 2002 637 2047; x_wconf 91' lang='lat' dir='ltr'>a</span> <span class='ocrx_word' id='word_1_134' title='bbox 659 1977 808 2050; x_wconf 82' lang='lat' dir='ltr'>Nathan</span> <span class='ocrx_word' id='word_1_135' title='bbox 818 1979 999 2074; x_wconf 87' lang='lat' dir='ltr'>propheta</span> <span class='ocrx_word' id='word_1_136' title='bbox 1018 2005 1129 2076; x_wconf 91' lang='lat' dir='ltr'>super</span> <span class='ocrx_word' id='word_1_137' title='bbox 1143 2003 1353 2070; x_wconf 87' lang='lat' dir='ltr'>excessum,</span> <span class='ocrx_word' id='word_1_138' title='bbox 1368 2003 1481 2087; x_wconf 83' lang='lat' dir='ltr'>quem</span> <span class='ocrx_word' id='word_1_139' title='bbox 1499 2019 1525 2055; x_wconf 81' lang='lat'>2.</span> <span class='ocrx_word' id='word_1_140' title='bbox 1537 2005 1601 2067; x_wconf 73' lang='lat' dir='ltr'>neg.</span> <span class='ocrx_word' id='word_1_141' title='bbox 1619 2013 1657 2048; x_wconf 75' lang='lat' dir='ltr'>n.</span> 
     </span>
     <span class='ocr_line' id='line_1_17' title="bbox 147 2070 1484 2168; baseline 0.001 -27"><span class='ocrx_word' id='word_1_142' title='bbox 147 2075 379 2144; x_wconf 87' lang='lat' dir='ltr'>commiserat</span> <span class='ocrx_word' id='word_1_143' title='bbox 396 2073 439 2142; x_wconf 91' lang='lat' dir='ltr'>in</span> <span class='ocrx_word' id='word_1_144' title='bbox 454 2070 586 2144; x_wconf 88' lang='lat' dir='ltr'>Uriam</span> <span class='ocrx_word' id='word_1_145' title='bbox 608 2084 645 2144; x_wconf 88' lang='lat' dir='ltr'>et</span> <span class='ocrx_word' id='word_1_146' title='bbox 659 2097 819 2146; x_wconf 83' lang='lat' dir='ltr'>uxorem</span> <span class='ocrx_word' id='word_1_147' title='bbox 836 2084 936 2168; x_wconf 81' lang='lat' dir='ltr'>ejus,</span> <span class='ocrx_word' id='word_1_148' title='bbox 954 2087 1145 2168; x_wconf 84' lang='lat' dir='ltr'>peccatum</span> <span class='ocrx_word' id='word_1_149' title='bbox 1161 2100 1272 2146; x_wconf 89' lang='lat' dir='ltr'>suum</span> <span class='ocrx_word' id='word_1_150' title='bbox 1289 2073 1484 2144; x_wconf 79' lang='lat' dir='ltr'>humiliter</span> 
     </span>
     <span class='ocr_line' id='line_1_18' title="bbox 148 2167 374 2234; baseline -0.013 0"><span class='ocrx_word' id='word_1_151' title='bbox 148 2189 233 2234; x_wconf 91' lang='lat' dir='ltr'>reco</span> <span class='ocrx_word' id='word_1_152' title='bbox 284 2167 374 2234; x_wconf 83' lang='lat' dir='ltr'>uvit.</span> 
     </span>
    </p>

    <p class='ocr_par' dir='ltr' id='par_1_3' title="bbox 59 2187 1663 2446">
     <span class='ocr_line' id='line_1_19' title="bbox 59 2187 1663 2355; baseline 0.005 -33"><span class='ocrx_word' id='word_1_153' title='bbox 59 2245 62 2252; x_wconf 42' lang='lat'><strong>¹</strong></span> <span class='ocrx_word' id='word_1_154' title='bbox 108 2281 113 2294; x_wconf 90' lang='lat'><strong>·</strong></span> <span class='ocrx_word' id='word_1_155' title='bbox 198 2187 400 2324; x_wconf 57' lang='lat' dir='ltr'>Hgnmffiter</span> <span class='ocrx_word' id='word_1_156' title='bbox 418 2261 632 2346; x_wconf 86' lang='lat' dir='ltr'>recognovit</span> <span class='ocrx_word' id='word_1_157' title='bbox 652 2251 845 2350; x_wconf 82' lang='lat' dir='ltr'>peccatum</span> <span class='ocrx_word' id='word_1_158' title='bbox 869 2284 979 2330; x_wconf 88' lang='lat' dir='ltr'>suum</span> <span class='ocrx_word' id='word_1_159' title='bbox 1003 2260 1142 2349; x_wconf 88' lang='lat' dir='ltr'>David,</span> <span class='ocrx_word' id='word_1_160' title='bbox 1169 2259 1320 2355; x_wconf 86' lang='lat' dir='ltr'>quando</span> <span class='ocrx_word' id='word_1_161' title='bbox 1349 2261 1487 2334; x_wconf 85' lang='lat' dir='ltr'>fecerat</span> <span class='ocrx_word' id='word_1_162' title='bbox 1504 2289 1529 2324; x_wconf 74' lang='lat' dir='ltr'>a.</span> <span class='ocrx_word' id='word_1_163' title='bbox 1542 2271 1605 2336; x_wconf 76' lang='lat' dir='ltr'>uer·</span> <span class='ocrx_word' id='word_1_164' title='bbox 1620 2261 1663 2330; x_wconf 73' lang='lat'>³4·</span> 
     </span>
     <span class='ocr_line' id='line_1_20' title="bbox 225 2344 1488 2446; baseline 0.003 -28"><span class='ocrx_word' id='word_1_165' title='bbox 225 2344 332 2418; x_wconf 87' lang='lat' dir='ltr'>ulum</span> <span class='ocrx_word' id='word_1_166' title='bbox 357 2349 570 2436; x_wconf 87' lang='lat' dir='ltr'>numerari,</span> <span class='ocrx_word' id='word_1_167' title='bbox 594 2348 646 2419; x_wconf 91' lang='lat' dir='ltr'>ita</span> <span class='ocrx_word' id='word_1_168' title='bbox 679 2346 782 2442; x_wconf 89' lang='lat' dir='ltr'>quod</span> <span class='ocrx_word' id='word_1_169' title='bbox 816 2348 929 2418; x_wconf 88' lang='lat' dir='ltr'>etiarn</span> <span class='ocrx_word' id='word_1_170' title='bbox 960 2349 1096 2419; x_wconf 84' lang='lat' dir='ltr'>obtulit</span> <span class='ocrx_word' id='word_1_171' title='bbox 1134 2377 1172 2420; x_wconf 89' lang='lat' dir='ltr'>se</span> <span class='ocrx_word' id='word_1_172' title='bbox 1203 2353 1488 2446; x_wconf 85' lang='lat' dir='ltr'>percutiendum</span> 
     </span>
    </p>

    <p class='ocr_par' dir='ltr' id='par_1_4' title="bbox 150 2372 1323 2534">
     <span class='ocr_line' id='line_1_21' title="bbox 150 2372 1323 2534; baseline -0.009 -20"><span class='ocrx_word' id='word_1_173' title='bbox 150 2372 233 2514; x_wconf 53' lang='grc' dir='ltr'>Ῐΐὲ)</span> <span class='ocrx_word' id='word_1_174' title='bbox 254 2437 383 2534; x_wconf 85' lang='lat' dir='ltr'>populi</span> <span class='ocrx_word' id='word_1_175' title='bbox 411 2441 631 2511; x_wconf 88' lang='lat' dir='ltr'>innocentis.</span> <span class='ocrx_word' id='word_1_176' title='bbox 1319 2525 1323 2530; x_wconf 85' lang='lat'>.</span> 
     </span>
    </p>

    <p class='ocr_par' dir='ltr' id='par_1_5' title="bbox 153 2532 1656 2798">
     <span class='ocr_line' id='line_1_22' title="bbox 200 2532 1656 2632; baseline -0.003 -26"><span class='ocrx_word' id='word_1_177' title='bbox 200 2534 308 2606; x_wconf 83' lang='lat' dir='ltr'>Dixit</span> <span class='ocrx_word' id='word_1_178' title='bbox 334 2532 504 2605; x_wconf 87' lang='lat' dir='ltr'>Neemias</span> <span class='ocrx_word' id='word_1_179' title='bbox 527 2559 535 2601; x_wconf 74' lang='grc' dir='ltr'>ε</span> <span class='ocrx_word' id='word_1_180' title='bbox 560 2533 748 2606; x_wconf 91' lang='lat' dir='ltr'>Confiteor</span> <span class='ocrx_word' id='word_1_181' title='bbox 779 2559 848 2632; x_wconf 88' lang='lat' dir='ltr'>pro</span> <span class='ocrx_word' id='word_1_182' title='bbox 874 2534 1033 2627; x_wconf 83' lang='lat' dir='ltr'>peccatis</span> <span class='ocrx_word' id='word_1_183' title='bbox 1061 2535 1226 2607; x_wconf 88' lang='lat' dir='ltr'>filiorum</span> <span class='ocrx_word' id='word_1_184' title='bbox 1253 2536 1656 2631; x_wconf 73' lang='lat' dir='ltr'>lsrae1‚qui-2.re.=.</span> 
     </span>
     <span class='ocr_line' id='line_1_23' title="bbox 153 2627 1489 2726; baseline 0 -24"><span class='ocrx_word' id='word_1_185' title='bbox 153 2633 225 2703; x_wconf 90' lang='lat' dir='ltr'>bus</span> <span class='ocrx_word' id='word_1_186' title='bbox 247 2640 495 2724; x_wconf 82' lang='lat' dir='ltr'>peccaverunt</span> <span class='ocrx_word' id='word_1_187' title='bbox 515 2628 586 2700; x_wconf 91' lang='lat' dir='ltr'>tibi</span> <span class='ocrx_word' id='word_1_188' title='bbox 608 2641 644 2700; x_wconf 86' lang='lat' dir='ltr'>et</span> <span class='ocrx_word' id='word_1_189' title='bbox 671 2653 754 2725; x_wconf 88' lang='lat' dir='ltr'>ego,</span> <span class='ocrx_word' id='word_1_190' title='bbox 781 2642 818 2702; x_wconf 91' lang='lat' dir='ltr'>et</span> <span class='ocrx_word' id='word_1_191' title='bbox 842 2627 975 2701; x_wconf 90' lang='lat' dir='ltr'>domus</span> <span class='ocrx_word' id='word_1_192' title='bbox 997 2630 1112 2724; x_wconf 78' lang='lat' dir='ltr'>patris</span> <span class='ocrx_word' id='word_1_193' title='bbox 1139 2630 1214 2700; x_wconf 89' lang='lat' dir='ltr'>mei</span> <span class='ocrx_word' id='word_1_194' title='bbox 1233 2631 1489 2726; x_wconf 83' lang='lat' dir='ltr'>peccavimus,</span> 
     </span>
     <span class='ocr_line' id='line_1_24' title="bbox 153 2721 728 2798; baseline -0.007 -1"><span class='ocrx_word' id='word_1_195' title='bbox 153 2739 191 2798; x_wconf 88' lang='lat' dir='ltr'>ct</span> <span class='ocrx_word' id='word_1_196' title='bbox 220 2723 386 2796; x_wconf 88' lang='lat' dir='ltr'>vanitate</span> <span class='ocrx_word' id='word_1_197' title='bbox 417 2721 560 2795; x_wconf 87' lang='lat' dir='ltr'>seducti</span> <span class='ocrx_word' id='word_1_198' title='bbox 587 2748 728 2796; x_wconf 90' lang='lat' dir='ltr'>sumus.</span> 
     </span>
    </p>

    <p class='ocr_par' dir='ltr' id='par_1_6' title="bbox 155 2817 1628 3104">
     <span class='ocr_line' id='line_1_25' title="bbox 202 2817 1628 2914; baseline -0.001 -24"><span class='ocrx_word' id='word_1_199' title='bbox 202 2818 385 2908; x_wconf 85' lang='lat' dir='ltr'>Quamvis</span> <span class='ocrx_word' id='word_1_200' title='bbox 401 2817 535 2889; x_wconf 76' lang='lat' dir='ltr'>Tobios</span> <span class='ocrx_word' id='word_1_201' title='bbox 559 2819 605 2888; x_wconf 91' lang='lat' dir='ltr'>ab</span> <span class='ocrx_word' id='word_1_202' title='bbox 624 2817 786 2891; x_wconf 82' lang='lat' dir='ltr'>infantia</span> <span class='ocrx_word' id='word_1_203' title='bbox 810 2818 932 2890; x_wconf 90' lang='lat' dir='ltr'>Deum</span> <span class='ocrx_word' id='word_1_204' title='bbox 954 2818 1138 2910; x_wconf 86' lang='lat' dir='ltr'>timuerit,</span> <span class='ocrx_word' id='word_1_205' title='bbox 1162 2831 1198 2891; x_wconf 87' lang='lat' dir='ltr'>et</span> <span class='ocrx_word' id='word_1_206' title='bbox 1219 2817 1393 2892; x_wconf 85' lang='lat' dir='ltr'>mandata</span> <span class='ocrx_word' id='word_1_207' title='bbox 1414 2820 1495 2914; x_wconf 82' lang='lat' dir='ltr'>ejus</span> <span class='ocrx_word' id='word_1_208' title='bbox 1512 2833 1581 2882; x_wconf 74' lang='lat' dir='ltr'>Tot·</span> <span class='ocrx_word' id='word_1_209' title='bbox 1602 2831 1628 2882; x_wconf 81' lang='lat'>³·</span> 
     </span>
     <span class='ocr_line' id='line_1_26' title="bbox 155 2911 1498 3010; baseline 0 -26"><span class='ocrx_word' id='word_1_210' title='bbox 155 2911 395 3004; x_wconf 80' lang='lat' dir='ltr'>custodierit,</span> <span class='ocrx_word' id='word_1_211' title='bbox 411 2923 538 2985; x_wconf 82' lang='lat' dir='ltr'>temen</span> <span class='ocrx_word' id='word_1_212' title='bbox 555 2911 701 2986; x_wconf 87' lang='lat' dir='ltr'>dicebat</span> <span class='ocrx_word' id='word_1_213' title='bbox 718 2912 914 2986; x_wconf 88' lang='lat' dir='ltr'>humiliter</span> <span class='ocrx_word' id='word_1_214' title='bbox 935 2921 1199 3009; x_wconf 74' lang='lat' dir='ltr'>‘recognoscens</span> <span class='ocrx_word' id='word_1_215' title='bbox 1219 2939 1226 2982; x_wconf 93' lang='lat'>:</span> <span class='ocrx_word' id='word_1_216' title='bbox 1250 2911 1333 2985; x_wconf 90' lang='lat' dir='ltr'>Non</span> <span class='ocrx_word' id='word_1_217' title='bbox 1356 2914 1498 3010; x_wconf 87' lang='lat' dir='ltr'>egimus</span> 
     </span>
     <span class='ocr_line' id='line_1_27' title="bbox 155 3006 1499 3104; baseline -0.003 -24"><span class='ocrx_word' id='word_1_218' title='bbox 155 3006 362 3081; x_wconf 88' lang='lat' dir='ltr'>secundum</span> <span class='ocrx_word' id='word_1_219' title='bbox 379 3020 706 3104; x_wconf 82' lang='lat' dir='ltr'>praeceptatua,et</span> <span class='ocrx_word' id='word_1_220' title='bbox 720 3033 797 3081; x_wconf 91' lang='lat' dir='ltr'>non</span> <span class='ocrx_word' id='word_1_221' title='bbox 818 3006 1093 3082; x_wconf 79' lang='lat' dir='ltr'>ambulavimus</span> <span class='ocrx_word' id='word_1_222' title='bbox 1116 3009 1306 3082; x_wconf 85' lang='lat' dir='ltr'>sinceriter</span> <span class='ocrx_word' id='word_1_223' title='bbox 1317 3033 1440 3082; x_wconf 86' lang='lat' dir='ltr'>coram</span> <span class='ocrx_word' id='word_1_224' title='bbox 1451 3019 1499 3078; x_wconf 89' lang='lat' dir='ltr'>te.</span> 
     </span>
    </p>

    <p class='ocr_par' dir='ltr' id='par_1_7' title="bbox 159 3101 1633 3479">
     <span class='ocr_line' id='line_1_28' title="bbox 206 3101 1633 3198; baseline -0.002 -27"><span class='ocrx_word' id='word_1_225' title='bbox 206 3105 297 3172; x_wconf 87' lang='lat' dir='ltr'>Tres</span> <span class='ocrx_word' id='word_1_226' title='bbox 310 3103 409 3172; x_wconf 89' lang='lat' dir='ltr'>socii</span> <span class='ocrx_word' id='word_1_227' title='bbox 430 3102 615 3193; x_wconf 87' lang='lat' dir='ltr'>Danielis,</span> <span class='ocrx_word' id='word_1_228' title='bbox 635 3105 702 3198; x_wconf 88' lang='lat' dir='ltr'>qui</span> <span class='ocrx_word' id='word_1_229' title='bbox 722 3105 775 3175; x_wconf 89' lang='lat' dir='ltr'>ita</span> <span class='ocrx_word' id='word_1_230' title='bbox 791 3115 915 3174; x_wconf 84' lang='lat' dir='ltr'>sancte</span> <span class='ocrx_word' id='word_1_231' title='bbox 931 3103 1031 3174; x_wconf 89' lang='lat' dir='ltr'>inter</span> <span class='ocrx_word' id='word_1_232' title='bbox 1041 3101 1232 3175; x_wconf 73' lang='lat' dir='ltr'>Chaldaeos</span> <span class='ocrx_word' id='word_1_233' title='bbox 1248 3105 1446 3194; x_wconf 84' lang='lat' dir='ltr'>vixerunt,</span> <span class='ocrx_word' id='word_1_234' title='bbox 1463 3109 1501 3172; x_wconf 87' lang='lat' dir='ltr'>et</span> <span class='ocrx_word' id='word_1_235' title='bbox 1517 3119 1586 3170; x_wconf 66' lang='lat' dir='ltr'>nan.</span> <span class='ocrx_word' id='word_1_236' title='bbox 1608 3117 1633 3170; x_wconf 79' lang='grc'>3.</span> 
     </span>
     <span class='ocr_line' id='line_1_29' title="bbox 159 3193 1502 3292; baseline -0.002 -24"><span class='ocrx_word' id='word_1_237' title='bbox 159 3219 228 3292; x_wconf 89' lang='lat' dir='ltr'>pro</span> <span class='ocrx_word' id='word_1_238' title='bbox 246 3193 383 3287; x_wconf 90' lang='lat' dir='ltr'>quibus</span> <span class='ocrx_word' id='word_1_239' title='bbox 402 3195 502 3266; x_wconf 88' lang='lat' dir='ltr'>Deus</span> <span class='ocrx_word' id='word_1_240' title='bbox 516 3208 665 3268; x_wconf 86' lang='lat' dir='ltr'>tantum</span> <span class='ocrx_word' id='word_1_241' title='bbox 686 3197 909 3270; x_wconf 87' lang='lat' dir='ltr'>miraculum</span> <span class='ocrx_word' id='word_1_242' title='bbox 931 3193 1088 3268; x_wconf 85' lang='lat' dir='ltr'>faciebat</span> <span class='ocrx_word' id='word_1_243' title='bbox 1105 3199 1147 3269; x_wconf 91' lang='lat' dir='ltr'>in</span> <span class='ocrx_word' id='word_1_244' title='bbox 1162 3195 1334 3288; x_wconf 85' lang='lat' dir='ltr'>fornace,</span> <span class='ocrx_word' id='word_1_245' title='bbox 1359 3220 1502 3290; x_wconf 86' lang='lat' dir='ltr'>nequa-</span> 
     </span>
     <span class='ocr_line' id='line_1_30' title="bbox 164 3289 1504 3386; baseline -0.001 -26"><span class='ocrx_word' id='word_1_246' title='bbox 164 3309 278 3384; x_wconf 81' lang='lat' dir='ltr'>quem</span> <span class='ocrx_word' id='word_1_247' title='bbox 303 3294 433 3356; x_wconf 79' lang='lat' dir='ltr'>contra</span> <span class='ocrx_word' id='word_1_248' title='bbox 456 3289 661 3361; x_wconf 89' lang='lat' dir='ltr'>Dominum</span> <span class='ocrx_word' id='word_1_249' title='bbox 687 3291 997 3384; x_wconf 85' lang='lat' dir='ltr'>murmurabant,</span> <span class='ocrx_word' id='word_1_250' title='bbox 1027 3293 1135 3386; x_wconf 85' lang='lat' dir='ltr'>quasi</span> <span class='ocrx_word' id='word_1_251' title='bbox 1158 3292 1298 3386; x_wconf 83' lang='lat' dir='ltr'>injuste</span> <span class='ocrx_word' id='word_1_252' title='bbox 1323 3291 1412 3362; x_wconf 80' lang='lat' dir='ltr'>talia</span> <span class='ocrx_word' id='word_1_253' title='bbox 1437 3312 1504 3382; x_wconf 90' lang='lat' dir='ltr'>pa-</span> 
     </span>
     <span class='ocr_line' id='line_1_31' title="bbox 164 3376 1407 3479; baseline -0.002 -24"><span class='ocrx_word' id='word_1_254' title='bbox 164 3391 351 3470; x_wconf 87' lang='lat' dir='ltr'>terentur,</span> <span class='ocrx_word' id='word_1_255' title='bbox 379 3376 443 3446; x_wconf 88' lang='lat' dir='ltr'>sed</span> <span class='ocrx_word' id='word_1_256' title='bbox 460 3377 602 3452; x_wconf 87' lang='lat' dir='ltr'>dicebat</span> <span class='ocrx_word' id='word_1_257' title='bbox 623 3385 797 3455; x_wconf 82' lang='lat' dir='ltr'>Azarias:</span> <span class='ocrx_word' id='word_1_258' title='bbox 862 3385 1052 3459; x_wconf 81' lang='lat' dir='ltr'>eravimus</span> <span class='ocrx_word' id='word_1_259' title='bbox 1069 3439 1080 3476; x_wconf 95' lang='lat'>,</span> <span class='ocrx_word' id='word_1_260' title='bbox 1099 3385 1229 3479; x_wconf 89' lang='lat' dir='ltr'>inique</span> <span class='ocrx_word' id='word_1_261' title='bbox 1255 3385 1407 3477; x_wconf 87' lang='lat' dir='ltr'>egimus.</span> 
     </span>
    </p>

    <p class='ocr_par' dir='ltr' id='par_1_8' title="bbox 167 3471 1638 3676">
     <span class='ocr_line' id='line_1_32' title="bbox 215 3471 1638 3571; baseline -0.008 -25"><span class='ocrx_word' id='word_1_262' title='bbox 215 3477 335 3548; x_wconf 87' lang='lat' dir='ltr'>Orans</span> <span class='ocrx_word' id='word_1_263' title='bbox 361 3471 658 3562; x_wconf 75' lang='lat' dir='ltr'>DemtuDaniel,</span> <span class='ocrx_word' id='word_1_264' title='bbox 687 3477 820 3546; x_wconf 88' lang='lat' dir='ltr'>confite</span> <span class='ocrx_word' id='word_1_265' title='bbox 866 3489 932 3549; x_wconf 89' lang='lat' dir='ltr'>tur</span> <span class='ocrx_word' id='word_1_266' title='bbox 951 3488 1100 3571; x_wconf 80' lang='lat' dir='ltr'>peccate</span> <span class='ocrx_word' id='word_1_267' title='bbox 1121 3501 1189 3548; x_wconf 87' lang='lat' dir='ltr'>sua</span> <span class='ocrx_word' id='word_1_268' title='bbox 1213 3489 1249 3546; x_wconf 88' lang='lat' dir='ltr'>et</span> <span class='ocrx_word' id='word_1_269' title='bbox 1274 3475 1421 3569; x_wconf 92' lang='lat' dir='ltr'>populi,</span> <span class='ocrx_word' id='word_1_270' title='bbox 1449 3471 1507 3542; x_wconf 85' lang='lat' dir='ltr'>di·</span> <span class='ocrx_word' id='word_1_271' title='bbox 1522 3489 1591 3540; x_wconf 66' lang='lat' dir='ltr'>nan.</span> <span class='ocrx_word' id='word_1_272' title='bbox 1611 3503 1638 3551; x_wconf 84' lang='lat'>9.</span> 
     </span>
     <span class='ocr_line' id='line_1_33' title="bbox 167 3563 1424 3676; baseline -0.006 -36"><span class='ocrx_word' id='word_1_273' title='bbox 167 3593 254 3641; x_wconf 90' lang='lat' dir='ltr'>cens</span> <span class='ocrx_word' id='word_1_274' title='bbox 275 3595 282 3635; x_wconf 94' lang='lat'>:</span> <span class='ocrx_word' id='word_1_275' title='bbox 305 3563 568 3657; x_wconf 85' lang='lat' dir='ltr'>Peccavimus,</span> <span class='ocrx_word' id='word_1_276' title='bbox 589 3567 826 3660; x_wconf 88' lang='lat' dir='ltr'>iniquitatem</span> <span class='ocrx_word' id='word_1_277' title='bbox 842 3569 1024 3658; x_wconf 80' lang='lat' dir='ltr'>fecimus,</span> <span class='ocrx_word' id='word_1_278' title='bbox 1049 3569 1162 3676; x_wconf 85' lang='lat' dir='ltr'>impie</span> <span class='ocrx_word' id='word_1_279' title='bbox 1191 3569 1332 3660; x_wconf 87' lang='lat' dir='ltr'>egimus</span> <span class='ocrx_word' id='word_1_280' title='bbox 1357 3577 1424 3634; x_wconf 91' lang='lat' dir='ltr'>etc.</span> 
     </span>
    </p>

    <p class='ocr_par' dir='ltr' id='par_1_9' title="bbox 169 3657 1701 3924">
     <span class='ocr_line' id='line_1_34' title="bbox 217 3657 1701 3758; baseline -0.007 -25"><span class='ocrx_word' id='word_1_281' title='bbox 217 3665 354 3735; x_wconf 83' lang='lat' dir='ltr'>Sextus</span> <span class='ocrx_word' id='word_1_282' title='bbox 374 3657 524 3730; x_wconf 86' lang='lat' dir='ltr'>illorum</span> <span class='ocrx_word' id='word_1_283' title='bbox 544 3671 684 3758; x_wconf 85' lang='lat' dir='ltr'>septem</span> <span class='ocrx_word' id='word_1_284' title='bbox 705 3658 866 3732; x_wconf 64' lang='lat' dir='ltr'>flauum</span> <span class='ocrx_word' id='word_1_285' title='bbox 884 3662 981 3732; x_wconf 90' lang='lat' dir='ltr'>mori</span> <span class='ocrx_word' id='word_1_286' title='bbox 995 3661 1198 3757; x_wconf 79' lang='lat' dir='ltr'>incipiens,</span> <span class='ocrx_word' id='word_1_287' title='bbox 1218 3666 1294 3730; x_wconf 86' lang='lat' dir='ltr'>ait:</span> <span class='ocrx_word' id='word_1_288' title='bbox 1316 3657 1390 3730; x_wconf 92' lang='lat' dir='ltr'>Nos</span> <span class='ocrx_word' id='word_1_289' title='bbox 1407 3658 1508 3728; x_wconf 88' lang='lat' dir='ltr'>enim</span> <span class='ocrx_word' id='word_1_290' title='bbox 1525 3687 1551 3724; x_wconf 68' lang='grc' dir='ltr'>α.</span> <span class='ocrx_word' id='word_1_291' title='bbox 1569 3669 1656 3724; x_wconf 67' lang='lat' dir='ltr'>uach.</span> <span class='ocrx_word' id='word_1_292' title='bbox 1677 3690 1701 3741; x_wconf 64' lang='grc' dir='ltr'>ς.</span> 
     </span>
     <span class='ocr_line' id='line_1_35' title="bbox 169 3753 1509 3856; baseline -0.005 -25"><span class='ocrx_word' id='word_1_293' title='bbox 169 3769 320 3856; x_wconf 89' lang='lat' dir='ltr'>propter</span> <span class='ocrx_word' id='word_1_294' title='bbox 353 3754 597 3849; x_wconf 87' lang='lat' dir='ltr'>nosmetipsos</span> <span class='ocrx_word' id='word_1_295' title='bbox 630 3753 712 3826; x_wconf 86' lang='lat' dir='ltr'>haec</span> <span class='ocrx_word' id='word_1_296' title='bbox 737 3755 923 3851; x_wconf 88' lang='lat' dir='ltr'>patimur,</span> <span class='ocrx_word' id='word_1_297' title='bbox 954 3755 1043 3851; x_wconf 88' lang='lat' dir='ltr'>quia</span> <span class='ocrx_word' id='word_1_298' title='bbox 1069 3754 1305 3852; x_wconf 83' lang='lat' dir='ltr'>peccavimus</span> <span class='ocrx_word' id='word_1_299' title='bbox 1323 3754 1365 3826; x_wconf 91' lang='lat' dir='ltr'>in</span> <span class='ocrx_word' id='word_1_300' title='bbox 1387 3753 1509 3826; x_wconf 89' lang='lat' dir='ltr'>Deum</span> 
     </span>
     <span class='ocr_line' id='line_1_36' title="bbox 170 3854 803 3924; baseline 0 0"><span class='ocrx_word' id='word_1_301' title='bbox 170 3863 351 3924; x_wconf 90' lang='lat' dir='ltr'>nostrum.</span> <span class='ocrx_word' id='word_1_302' title='bbox 657 3854 662 3874; x_wconf 78' lang='grc'><strong>“</strong></span> <span class='ocrx_word' id='word_1_303' title='bbox 802 3887 803 3892; x_wconf 41' lang='grc'><strong>“</strong></span> 
     </span>
    </p>

    <p class='ocr_par' dir='ltr' id='par_1_10' title="bbox 172 3941 1668 4150">
     <span class='ocr_line' id='line_1_37' title="bbox 219 3941 1668 4043; baseline -0.001 -27"><span class='ocrx_word' id='word_1_304' title='bbox 219 3945 401 4018; x_wconf 82' lang='lat' dir='ltr'>Veniebat</span> <span class='ocrx_word' id='word_1_305' title='bbox 422 3943 468 4015; x_wconf 91' lang='lat' dir='ltr'>ad</span> <span class='ocrx_word' id='word_1_306' title='bbox 495 3945 676 4018; x_wconf 86' lang='lat' dir='ltr'>loannem</span> <span class='ocrx_word' id='word_1_307' title='bbox 690 3946 894 4043; x_wconf 88' lang='lat' dir='ltr'>Baptistam</span> <span class='ocrx_word' id='word_1_308' title='bbox 914 3945 1037 4018; x_wconf 83' lang='lat' dir='ltr'>omnis</span> <span class='ocrx_word' id='word_1_309' title='bbox 1058 3942 1187 4020; x_wconf 82' lang='lat' dir='ltr'>Judaea</span> <span class='ocrx_word' id='word_1_310' title='bbox 1208 3955 1245 4017; x_wconf 87' lang='lat' dir='ltr'>et</span> <span class='ocrx_word' id='word_1_311' title='bbox 1266 3945 1388 4016; x_wconf 91' lang='lat' dir='ltr'>omnis</span> <span class='ocrx_word' id='word_1_312' title='bbox 1409 3941 1510 4037; x_wconf 90' lang='lat' dir='ltr'>regio</span> <span class='ocrx_word' id='word_1_313' title='bbox 1528 3955 1625 4008; x_wconf 67' lang='lat' dir='ltr'>unuh·</span> <span class='ocrx_word' id='word_1_314' title='bbox 1643 3957 1668 4007; x_wconf 82' lang='lat'>³·</span> 
     </span>
     <span class='ocr_line' id='line_1_38' title="bbox 172 4039 1391 4150; baseline 0.003 -38"><span class='ocrx_word' id='word_1_315' title='bbox 172 4053 277 4112; x_wconf 83' lang='lat' dir='ltr'>trans</span> <span class='ocrx_word' id='word_1_316' title='bbox 297 4039 517 4132; x_wconf 87' lang='lat' dir='ltr'>Jordanem,</span> <span class='ocrx_word' id='word_1_317' title='bbox 539 4039 757 4114; x_wconf 89' lang='lat' dir='ltr'>confitentes</span> <span class='ocrx_word' id='word_1_318' title='bbox 775 4052 924 4150; x_wconf 83' lang='lat' dir='ltr'>peccata</span> <span class='ocrx_word' id='word_1_319' title='bbox 942 4066 1009 4112; x_wconf 87' lang='lat' dir='ltr'>sua</span> <span class='ocrx_word' id='word_1_320' title='bbox 1030 4052 1096 4112; x_wconf 87' lang='lat' dir='ltr'>etc.</span> <span class='ocrx_word' id='word_1_321' title='bbox 1388 4111 1391 4116; x_wconf 18' lang='lat' dir='ltr'>r</span> 
     </span>
    </p>

    <p class='ocr_par' dir='ltr' id='par_1_11' title="bbox 175 4131 1779 4396">
     <span class='ocr_line' id='line_1_39' title="bbox 222 4131 1779 4244; baseline 0.002 -38"><span class='ocrx_word' id='word_1_322' title='bbox 222 4133 450 4206; x_wconf 83' lang='lat' dir='ltr'>Praedicante</span> <span class='ocrx_word' id='word_1_323' title='bbox 480 4135 598 4208; x_wconf 90' lang='lat' dir='ltr'>Paulo</span> <span class='ocrx_word' id='word_1_324' title='bbox 627 4161 694 4244; x_wconf 88' lang='lat' dir='ltr'>per</span> <span class='ocrx_word' id='word_1_325' title='bbox 728 4137 875 4228; x_wconf 79' lang='lat' dir='ltr'>Asiam,</span> <span class='ocrx_word' id='word_1_326' title='bbox 906 4136 1016 4208; x_wconf 80' lang='lat' dir='ltr'>multi</span> <span class='ocrx_word' id='word_1_327' title='bbox 1048 4131 1277 4212; x_wconf 86' lang='lat' dir='ltr'>credentium</span> <span class='ocrx_word' id='word_1_328' title='bbox 1309 4131 1589 4214; x_wconf 66' lang='lat' dir='ltr'>veniebamus</span> <span class='ocrx_word' id='word_1_329' title='bbox 1609 4158 1648 4209; x_wconf 82' lang='lat'>¹9·</span> <span class='ocrx_word' id='word_1_330' title='bbox 1683 4141 1685 4146; x_wconf 84' lang='lat'>&#39;</span> <span class='ocrx_word' id='word_1_331' title='bbox 1768 4209 1779 4224; x_wconf 68' lang='grc'>,</span> 
     </span>
     <span class='ocr_line' id='line_1_40' title="bbox 175 4227 1746 4396; baseline 0.004 -96"><span class='ocrx_word' id='word_1_332' title='bbox 175 4227 393 4306; x_wconf 84' lang='lat' dir='ltr'>confitentes</span> <span class='ocrx_word' id='word_1_333' title='bbox 412 4240 449 4303; x_wconf 90' lang='lat' dir='ltr'>et</span> <span class='ocrx_word' id='word_1_334' title='bbox 473 4241 744 4313; x_wconf 79' lang='lat' dir='ltr'>annunciantes</span> <span class='ocrx_word' id='word_1_335' title='bbox 765 4243 870 4307; x_wconf 86' lang='lat' dir='ltr'>actus</span> <span class='ocrx_word' id='word_1_336' title='bbox 901 4256 997 4308; x_wconf 89' lang='lat' dir='ltr'>suos.</span> <span class='ocrx_word' id='word_1_337' title='bbox 1024 4326 1054 4396; x_wconf 71' lang='lat' dir='ltr'>G</span> <span class='ocrx_word' id='word_1_338' title='bbox 1737 4241 1746 4258; x_wconf 84' lang='lat'><em>⁰</em></span> 
     </span>
    </p>

    <p class='ocr_par' dir='ltr' id='par_1_12' title="bbox 1076 4347 1096 4394">
     <span class='ocr_line' id='line_1_41' title="bbox 1076 4347 1096 4394; baseline 0 0"><span class='ocrx_word' id='word_1_339' title='bbox 1076 4347 1096 4394; x_wconf 82' lang='lat'><em>2</em></span> 
     </span>
    </p>
   </div>
   <div class='ocr_carea' id='block_1_3' title="bbox 0 0 2304 5484">
    <p class='ocr_par' dir='ltr' id='par_1_13' title="bbox 0 0 2304 5484">
     <span class='ocr_line' id='line_1_42' title="bbox 0 0 2304 5484; baseline 0 0"><span class='ocrx_word' id='word_1_340' title='bbox 0 0 2304 5484; x_wconf 95' lang='lat' dir='ltr'> </span> 
     </span>
    </p>
   </div>
  </div>
 </body>
</html>
