4452 5462
763 545 864 648 332·
936 535 1199 623 TITULUS
1239 531 1506 620 CLXXXIII.
1546 517 1680 614 zelus
1709 527 1986 624 indiscretus.

776 667 2098 709 -——-—---—------——----.

764 759 892 834 videre
914 758 1174 830 contritionem
1201 755 1329 851 populi
1350 754 1424 825 mei
1442 751 1466 824 't
1485 750 1663 845 Sequitur
1683 761 1813 844 postea
1836 753 1890 828 de
1918 757 2014 832 illius
2041 767 2110 838 zelo

739 889 743 897 ·
767 853 1061 942 ferventissimo,
1082 864 1118 924 et
1134 851 1296 924 mirabili
1313 849 1513 946 probitate,
1536 843 1688 942 quando
1710 847 1925 928 trucidavit
1935 853 2106 932 hominem

771 975 882 1044 super
902 973 1026 1039 aram,
1048 947 1156 1020 idolis
1174 945 1438 1018 immolantem.
1774 1011 1781 1016 .

577 1111 602 1147 π,
616 1088 702 1142 nich.
718 1087 747 1138 3·
821 1045 935 1118 Onias
968 1049 1137 1116 sunnrins
1159 1039 1332 1137 pontifex
1352 1040 1489 1112 restitit
1516 1036 1677 1112 viriliter
1701 1037 1868 1136 Simoni,
1892 1047 1954 1141 qui
1974 1049 2102 1124 volebat

504 1149 508 1158 '
773 1139 949 1234 iniquum
980 1139 1070 1234 quid
1095 1141 1136 1211 in
1167 1137 1318 1210 civitate
1345 1135 1479 1206 moliri.
1611 1153 1615 1164 ·

581 1271 678 1322 artata.
692 1269 717 1318 ³.
823 1238 917 1309 Miro
934 1235 1101 1308 fervebat
1122 1231 1202 1308 zelo
1228 1231 1389 1304 Ioannes
1404 1229 1591 1326 Baptista,
1621 1226 1776 1322 quando
1800 1229 1966 1308 dicebat:
1991 1240 2104 1334 Proge-

580 1347 607 1390 εἰ
623 1339 664 1402 ¹t·
775 1334 855 1407 nies
882 1334 1115 1428 viperarum,
1138 1329 1222 1424 quis
1240 1325 1511 1400 demonstrarit
1525 1321 1636 1398 vobis
1651 1321 1781 1418 fugere
1793 1341 1982 1404 venturam
1994 1334 2102 1407 iram?

777 1427 895 1502 Simul
921 1439 957 1500 et
980 1426 1131 1524 qnando
1148 1424 1334 1502 Herodem
1358 1421 1583 1532 increpabat.

583 1565 680 1618 Mam„
696 1565 719 1616 3,
824 1525 926 1597 Dure
950 1523 1163 1620 increpabat
1183 1521 1368 1594 Dominus
1398 1515 1540 1627 Scribas
1563 1513 1895 1624 etPharisaeosb
1988 1535 2097 1622 syras,

779 1634 815 1694 et
842 1619 1069 1716 specialiter,
1086 1617 1218 1692 Matth.
1241 1616 1296 1688 23.
1324 1615 1402 1688 Ubi
1423 1613 1522 1687 dixit
1545 1637 1599 1684 e1s
1621 1613 1771 1708 septies:
1796 1575 1860 1685 via
1879 1643 1923 1690 ro
1943 1619 1973 1688 is
1992 1631 2052 1689 etc.

583 1761 660 1812 toan.
675 1759 700 1810 ⁸,
827 1718 952 1789 Sciens
981 1715 1164 1788 Dominus
1192 1713 1299 1788 Iesus
1328 1707 1534 1783 Pharisaeos
1563 1707 1682 1802 ipsum
1707 1707 1872 1802 nequiter
1897 1709 2089 1800 observare,

780 1813 1082 1898 circumspiciens
1103 1833 1165 1875 eos
1197 1829 1283 1876 cum
1304 1810 1380 1897 ira,
1399 1805 1642 1876 contristatus
1662 1813 1837 1896 estsuper
1861 1805 2006 1876 cecitate
2022 1828 2093 1876 cor-

781 1897 837 1971 dis
859 1901 1048 1993 ipsorum,
1068 1896 1252 1993 dixitque.
1272 1899 1348 1968 Vos
1375 1923 1424 1968 ex
1453 1909 1560 1992 patre
1578 1895 1724 1970 diabolo
1745 1897 1844 1969 estis.

586 2009 663 2074 rein.
677 2036 702 2070 α.
829 1994 974 2066 Pluries
991 1994 1098 2089 ejecit
1119 1993 1303 2064 Dominus
1321 1991 1525 2066 vendentes
1541 2004 1578 2064 et
1594 2003 1757 2066 ementes
1776 1991 1822 2064 de
1837 1993 1979 2090 templo,
1997 2018 2101 2089 quan-

586 2115 649 2166 Luc.
668 2129 708 2179 ¹9·
782 2093 904 2188 doque
926 2114 1013 2162 curn
1040 2089 1136 2162 duro
1161 2089 1303 2163 verbo:
1330 2087 1472 2161 Domus
1492 2114 1577 2160 mea
1596 2087 1730 2162 domus
1755 2089 1927 2165 orationis
1948 2101 2023 2162 est:
2043 2115 2101 2164 vos

785 2200 910 2260 antem
936 2175 1076 2258 lecistis
1100 2183 1201 2258 illam
1226 2183 1441 2280 speluncam
1462 2183 1663 2260 latronum.

834 2280 977 2354 Grandi
997 2282 1078 2356 zelo
1107 2303 1307 2364 succensus
1334 2294 1389 2352 est
1410 2279 1543 2354 Petrus
1575 2281 1617 2354 in
1639 2281 1824 2356 Ananiam
1857 2295 1892 2354 et
1915 2279 2105 2376 saphiram,

669 2453 676 2469 ,
786 2375 936 2477 qnando
958 2377 1076 2470 vidit,
1101 2375 1200 2474 qnod
1225 2373 1493 2450 fraudaverant
1511 2375 1653 2474 aliquid
1680 2377 1726 2451 de
1754 2381 1871 2474 pretio
1892 2377 1974 2472 agri.

786 2471 1705 2644 <adt·³i‘¹ttt¹³0ttttt⁰tttttt²tttt’titt
1721 2473 1821 2644 pap
1843 2469 2107 2642 §psham
2170 2517 2171 2520 Ὗ

859 2625 909 2642 ..
1011 2597 1018 2614 ·
1212 2624 1222 2662 ,
1420 2618 1425 2633 ,
1813 2597 1869 2644 un
1894 2595 1938 2642 us

681 2687 685 2696 “
786 2667 957 2742 resistitis
984 2667 1138 2762 Spiritui
1157 2669 1303 2738 Sancto.
1948 2622 1958 2660 ²
2054 2591 2074 2661 p

835 2765 1040 2837 Resistente
1062 2764 1177 2836 Paulo
1203 2774 1240 2834 et
1266 2762 1435 2834 Bernaba
1453 2763 1606 2858 Barp'esu
1634 2760 1977 2928 spendo-prffiihetae
1991 2811 2003 2848 ,
2028 2753 2112 2826 dixit

788 2859 927 2932 Paulus
948 2884 957 2926 ι
979 2860 1010 2930 0
1032 2861 1139 2956 plene
1156 2858 1260 2932 omni
1277 2857 1384 2950 dolo,
1403 2871 1446 2931 'et
1468 2859 1569 2932 omni
1589 2857 1791 2946 fallacia,fi
1879 2851 1973 2923 aboli
1992 2861 2027 2920 et
2048 2849 2115 2918 ini-

750 3021 753 3030 ,
789 2956 883 3024 inice
903 2956 1025 3016 omnis
1042 2957 1218 3040 justitiae,
1235 2979 1313 3022 non
1333 2951 1470 3028 desinis
1490 2953 1697 3024 subvertere
1713 2950 1795 3022 vias
1814 2945 1961 3019 Domini
1975 2939 2118 3015 rectas?

644 3093 710 3126 ,M
731 3107 740 3123 ,
838 3039 933 3150 Cum
954 3039 1092 3114 Paulus
1108 3045 1324 3140 praedicaret
1340 3047 1515 3140 Athenis,
1535 3043 1759 3118 incitabatur
1781 3042 1931 3138 spiritus
1954 3039 2050 3134 ejus,
2068 3035 2115 3108 vi-

705 3177 714 3196 ι
790 3136 881 3210 dens
906 3133 1122 3210 1dololatriae
1146 3139 1309 3214 deditam
1332 3143 1532 3217 civitatem.

836 3231 1047 3328 specialiter
1068 3249 1219 3334 apparet
1241 3233 1392 3313 fervens
1411 3239 1514 3312 zelus
1537 3235 1644 3310 Pauli
1669 3235 1710 3308 in
1738 3233 1892 3332 epistola
1919 3229 1964 3302 ad
1987 3225 2118 3301 Galatas

788 3352 817 3400 c.
830 3329 875 3421 5,
896 3329 965 3400 ubi
982 3333 1177 3426 arguebat,
1196 3333 1431 3430 increpabat,
1448 3331 1671 3408 obsecrabat.
1695 3331 1872 3406 Similiter
1891 3327 1937 3401 ad
1954 3327 2117 3398 Romanos

786 3425 1075 3502 nonoSecunda
1090 3429 1370 3503 Corinthiorum
1378 3430 1610 3524 ,undecimo,
1623 3441 1661 3501 et
1674 3427 1722 3500 ad
1737 3427 1927 3519 Hebraeos,
1938 3423 2054 3520 primo
2064 3427 2120 3487 etc

866 3613 870 3620 ’
981 3631 1018 3712 ᾖ
1096 3608 1425 3696 TITULUS
1481 3602 1836 3694 CLXXXIII.
1968 3583 1972 3590 ’

1118 3864 1125 3870 .
1252 3785 1381 3872 Zelus
1416 3782 1673 3873 indiscretus.

621 4025 637 4058 u
668 4035 675 4055 ,
711 4034 719 4054 ,
789 3911 956 4041 Videris
979 3973 1090 4044 Josne
1113 3973 1276 4048 fumidus
1311 3975 1433 4072 Moysi
1456 3974 1550 4048 duos
1569 3970 1741 4042 homines
1762 3969 1803 4054 in
1825 3959 1959 4036 castris
1982 3955 2127 4059 prophe

790 4073 912 4134 tantes
934 4064 1059 4140 dixit:
1085 4071 1243 4145 Domine
1272 4073 1325 4144 mi
1352 4075 1521 4167 Moyses,
1555 4064 1845 4162 prohibentes,
1883 4053 2027 4145 atille,
2054 4043 2129 4146 qnid

792 4159 855 4256 (in
887 4159 966 4271 uit)
993 4161 1178 4236 aemnlaris
1227 4191 1268 4237 ro
1289 4165 1384 4240 me?

838 4257 869 4326 Α
897 4255 964 4328 isar
989 4257 1128 4353 Sarnja·
1149 4193 1270 4334 vquit
1288 4272 1480 4358 amputare
1502 4269 1613 4354 caput
1636 4255 1755 4328 Semei
1785 4243 2048 4324 maledicentis
2073 4238 2132 4345 lla·

789 4349 875 4444 vid,
904 4354 1195 4445 persecutionem
1216 4355 1378 4428 Absalon'
1402 4357 1570 4452 patienti.
1602 4351 1673 4426 Sed
1697 4373 1775 4425 non
1804 4345 1983 4444 permisit
2005 4328 2133 4416 Dauid,

791 4457 835 4519 ut
852 4445 994 4544 aliquid
1016 4449 1105 4524 mali
1125 4449 1329 4544 inferretur
1355 4451 1423 4528 illi
1529 4459 1532 4464 “
