4502 5484
749 299 801 400 48
858 234 1121 382 'ItTULUS
1150 285 1307 378 XXVI.
1341 287 1590 402 Compaesio
1617 307 1714 406 erga
1736 263 2004 402 proximum)

553 523 676 574 rustes.
796 509 948 582 Gedeon
968 507 1194 602 compatiens
1222 507 1329 578 sociis
1348 507 1513 602 sugatis,
1544 505 1677 602 petivit
1703 511 1904 600 panesvpro
1927 506 1994 579 eis.

446 617 449 625 ’
549 623 639 674 suste.
653 637 695 673 at·
727 677 732 686 ,
796 606 899 678 Licet
915 603 984 676 filii
1006 605 1201 698 Beniamin
1223 601 1318 676 filios
1332 605 1446 676 lsrael
1467 603 1683 700 gravissime
1701 599 1963 694 offendissent,
1981 627 2127 700 prop-

748 714 806 774 ter
826 701 975 775 illorum
996 710 1121 771 tamen
1148 697 1335 772 excidium
1358 723 1485 773 omncs
1507 699 1649 772 elevata
1670 719 1761 770 voce
1792 695 1940 769 ululatu
1957 721 2123 794 magno

748 797 939 874 fleverant.
1977 857 1983 865 .

558 928 582 962 ι.
595 912 657 980 neg.
671 909 713 962 ιε.
797 893 961 988 Lugebat
984 889 1130 963 Samuel
1153 889 1261 983 Saul,
1282 891 1368 964 licet
1401 895 1508 966 sciret
1535 913 1620 964 eum
1641 887 1759 960 'aDeo
1775 890 1995 986 projectum.

553 1017 712 1086 amase.
798 989 1032 1083 Competiens
1056 986 1177 1058 David
1204 986 1311 1061 lassis
1328 990 1461 1083 sociis,
1488 989 1577 1084 quia
1605 982 1651 1054 ad
1676 983 1816 1056 bellum
1842 986 1897 1057 ire
1923 999 2006 1058 uon
2031 1011 2113 1081 po-
2193 1043 2194 1092 ,

578 1075 581 1090 '
747 1096 895 1176 terant,
917 1083 1128 1169 constituit,
1158 1079 1259 1175 quod
1287 1107 1393 1178 aequa
1419 1109 1503 1180 pars
1523 1091 1619 1154 esset
1647 1077 1901 1152 descendentis
1926 1079 1972 1150 ad
1996 1107 2110 1177 prae-
2193 1109 2194 1182 ,

746 1180 862 1265 lium,
892 1191 929 1250 et
951 1179 1177 1249 remanentis
1205 1175 1249 1246 ad
1269 1179 1441 1250 sarcinas.
1883 1229 1887 1242 .
2193 1227 2194 1270 3

551 1277 713 1347 alasa&
793 1273 922 1348 Doluit
948 1269 1069 1344 David
1098 1269 1143 1341 de
1173 1271 1355 1346 occisione
1390 1273 1570 1364 Absalon‚
1592 1270 1677 1343 licet
1701 1267 1763 1340 ille
1791 1267 1952 1342 multum
1980 1271 2106 1346 offen·
2193 1271 2194 1294 ¹

747 1369 860 1442 disset
879 1393 976 1439 eum.
1000 1363 1069 1436 Sed
1092 1365 1228 1436 sciebat
1257 1367 1380 1440 David
1399 1393 1485 1440 eum
1514 1369 1554 1439 in
1576 1361 1836 1446 animasuisse
1859 1363 2100 1440 damnatum.

555 1479 580 1528 3·
595 1480 657 1542 neg.
672 1493 712 1542 17·
793 1466 894 1537 Elias
914 1461 1073 1554 benigne
1106 1461 1245 1554 accepit
1275 1462 1433 1535 verbum
1456 1462 1623 1534 mulieris
1650 1459 1738 1530 satis
1771 1457 1930 1550 durum3
1959 1474 1998 1532 et
2024 1489 2097 1558 pro

748 1559 825 1631 filio
851 1561 931 1653 ejus
958 1566 1135 1644 mortuo,
1161 1553 1280 1626 dolori
1308 1555 1409 1626 illius
1441 1557 1690 1650 compatiens,
1715 1551 1909 1624 efficaciter
1929 1562 2067 1630 oravit.

556 1672 581 1721 a.
596 1666 714 1736 negas.
797 1653 893 1724 Cum
916 1649 1063 1720 lezabel
1090 1646 1282 1720 occidisset
1306 1649 1505 1814 prophetas
1529 1649 1701 1738 Domini,
1733 1645 1869 1722 Abdias
1897 1649 2097 1726 abscondit
2191 1737 2192 1740 Ἴ

750 1759 901 1819 centum
930 1769 980 1816 ex
1001 1743 1076 1834 eis,
1098 1754 1135 1812 et
1156 1745 1260 1836 pavit
1282 1769 1345 1816 eos
1398 1744 1503 1816 iebus
1536 1741 1674 1815 multis.

556 1857 583 1924 4.
602 1859 664 1923 neg.
682 1853 708 1922 t.
797 1844 862 1914 Pie
888 1863 1100 1932 compassus
1124 1835 1198 1908 fuit
1225 1837 1380 1912 Elisaeus
1408 1839 1535 1916 viduae
1560 1837 1695 1910 debitis
1721 1837 1910 1933 obligate,
1940 1851 1975 1912 et
1995 1865 2093 1938 aug-

751 1938 933 2012 mentavit
951 1937 986 2005 ei
1014 1933 1202 2006 modicum
1225 1932 1318 2026 olei,
1339 1934 1440 2032 quod
1461 1935 1630 2009 habebat.

556 2044 582 2108 t·
598 2045 660 2110 aeg.
673 2041 698 2092 ⁸·
800 2033 882 2106 Non
899 2030 1019 2103 solum
1037 2055 1106 2126 pro
1122 2032 1366 2124 praesentibus
1382 2029 1488 2106 malis
1510 2029 1810 2124 compatiendum
1833 2029 2079 2126 estproximo,

652 2153 656 2162 ·
753 2129 817 2202 sed
843 2129 954 2200 etiam
975 2125 1125 2198 suturis.
1142 2123 1253 2198 Unde
1277 2127 1433 2200 Elisaeus
1458 2126 1591 2202 videns
1617 2122 1778 2217 azahel,
1801 2127 1868 2224 qui
1887 2125 1981 2198 mala
2006 2124 2090 2198 lac-

752 2238 862 2299 turus
888 2234 966 2296 erat
983 2221 1069 2296 filiis
1106 2219 1245 2312 Israel,
1271 2223 1385 2317 coepit
1404 2219 1502 2295 flere.

556 2339 577 2372 ²·
595 2323 652 2374 Ρη·
671 2323 713 2374 ²³·
800 2322 895 2394 Cum
916 2319 1098 2417 cepissent
1119 2315 1189 2390 tilii
1208 2317 1322 2388 lsrael
1340 2316 1385 2387 de
1410 2318 1504 2392 viris
1527 2313 1624 2386 Juda
1646 2315 1807 2388 ducenta
1827 2315 1944 2388 millia
1959 2315 2091 2390 mulie·
2131 2328 2138 2363 ·'

748 2441 835 2490 rum
858 2427 894 2486 et
910 2429 1129 2508 puerorum,
1153 2409 1491 2501 peperceramus,
1516 2422 1553 2481 et
1572 2409 1724 2482 vestitos
1740 2423 1851 2508 atque
1867 2409 2025 2488 refectos
2047 2413 2092 2486 ad

749 2509 897 2603 propria
919 2505 1153 2575 remiserunt.

558 2594 696 2710 2¹}“1-1·
800 2596 965 2668 Audiens
992 2593 1160 2665 Neemias
1189 2593 1435 2669 miserabilem
1474 2601 1612 2674 statum
1648 2600 1810 2672 civitatis
1835 2601 2088 2698 Hierusalem,

589 2679 601 2710 ⁰
639 2674 664 2707 ²
749 2691 856 2764 {levit
877 2688 1007 2761 diebus
1028 2688 1180 2782 multis,
1208 2701 1244 2762 et
1261 2691 1412 2764 tandem
1428 2695 1624 2770 consilium
1642 2693 1832 2792 adhibuit,
1851 2708 1888 2769 et
1904 2700 2088 2774 auxilium

749 2813 771 2860 o
845 2797 1011 2856 dunum.
1324 2859 1330 2870 ,

554 2886 623 2938 ‘rob
638 2888 731 2934 ΜΗ·
772 2811 895 2949 ppomn
920 2889 1090 2970 regnaret
1123 2877 1392 2978 Sennacherib,
1427 2895 1464 2956 et
1494 2883 1589 2958 filios
1619 2887 1731 2959 lsrael
1758 2911 1890 2960 exosos
1919 2888 2083 2981 haberet,

752 2973 885 3046 Tobias
907 2973 1080 3067 pergebat
1106 2975 1270 3069 quotidie
1284 3001 1351 3072 per
1377 3003 1524 3052 omnem
1548 2983 1802 3078 cognationem
1825 3009 1933 3056 suam
1947 2995 1981 3058 et
1998 3007 2082 3055 con-

754 3067 941 3166 solabatur
962 3091 1046 3160 eos,
1064 3071 1267 3143 esurientes
1294 3072 1434 3166 alebat,
1461 3074 1577 3148 nudis
1594 3077 1817 3152 vestimenta
1832 3079 2015 3176 praebebat
2025 3133 2034 3172 ,
2049 3090 2085 3151 et

681 3219 692 3242 .
751 3164 908 3237 mortuis
934 3174 1046 3258 atque
1063 3165 1192 3236 occisis
1210 3168 1436 3262 sepulturam
1465 3169 1642 3244 sollicitus
1669 3171 1879 3246 exhibebat.

558 3268 621 3323 tob.
639 3281 684 3336 ao
801 3263 970 3354 Magnam
990 3258 1281 3354 compassionem
1300 3261 1429 3335 beatus
1448 3263 1519 3335 Job
1539 3263 1698 3337 habebat
1721 3265 1767 3337 ad
1814 3273 1997 3364 roximos,
2022 3271 2083 3366 qui

750 3355 895 3428 dicebat
919 3379 926 3422 :
951 3354 1062 3426 Auris
1077 3353 1231 3427 audiens
1246 3353 1469 3432 beatificabit
1488 3383 1566 3452 me,
1588 3361 1748 3456 eoquod
1770 3293 1981 3438 hherassem
2003 3391 2085 3461 pau·

751 3476 875 3548 perem
901 3447 1189 3544 vociferantem,
1213 3462 1249 3523 et
1270 3452 1455 3562 pupillum
1476 3510 1487 3547 ,
1508 3457 1655 3529 cuinon
1677 3467 1756 3529 erat
1781 3457 1952 3554 adjutor,
1978 3461 2084 3532 bene-

751 3548 864 3620 dictio
882 3545 1015 3642 pupilli
1036 3571 1146 3643 super
1166 3572 1226 3618 me
1244 3549 1439 3642 vemebat,
1458 3562 1499 3622 et
1520 3575 1584 3624 cor
1602 3549 1727 3624 viduae
1743 3555 1951 3628 consolatus
1970 3580 2060 3627 sum.

558 3640 662 3694 mahar.
687 3660 711 3711 7·
748 3675 752 3684 ⁴
800 3641 983 3712 Nunciata
996 3643 1132 3734 reginae
1143 3642 1280 3715 Esther
1293 3645 1476 3716 sententiat
1488 3645 1629 3716 crudeli
1647 3659 1774 3720 contra
1787 3650 1962 3746 populum
1980 3673 2083 3722 suum

752 3735 850 3824 latai,
875 3759 953 3804 non
977 3733 1082 3804 aliter
1099 3737 1257 3831 sumpsit
1277 3739 1489 3832 negotium,
1521 3764 1634 3834 quam
1656 3742 1688 3812 si
1708 3741 1841 3817 fuisset
1861 3769 1941 3818 una
1965 3743 2010 3816 de
2029 3769 2084 3841 po·

709 3828 711 3838 '
753 3826 973 3989 pulodhlicteat
992 3838 1085 3898 esset
1114 3852 1240 3904 secura
1263 3831 1309 3902 de
1337 3831 1404 3902 tali
1436 3833 1641 3927 sententia,
1666 3847 1846 3933 tanquam
1876 3865 2009 3936 sponsa
2033 3865 2088 3912 re-

792 3945 809 3990 S
888 3941 928 3989 ec
968 3973 975 3988 ι
1890 3977 1903 4002 a

449 4073 452 4076 .
560 4019 623 4071 soa.
645 4017 669 4068 t.
755 3941 1004 4086 glAudientes
1021 4023 1095 4089 tres
1118 4021 1227 4092 amici
1249 4021 1320 4093 Job
1337 4045 1447 4094 omne
1469 4015 1613 4094 malum
1631 4025 1731 4120 quod
1750 4027 1941 4104 accidisset
1956 4031 1991 4103 ei
2001 4047 2016 4122 ,‘
2027 4055 2087 4104 ve-

755 4121 894 4179 nerunt
915 4119 958 4179 ut
981 4113 1259 4186 consolarentur
1280 4140 1376 4187 eum.
1400 4114 1469 4187 Sed
1487 4139 1573 4188 cum
1589 4143 1667 4192 non
1682 4121 1929 4220 intelligerent
1945 4149 2087 4200 causam

754 4227 832 4277 suae
856 4201 1063 4278 afflictionis
1075 4207 1090 4302 ‚'
1113 4205 1268 4282 luerunt
1289 4210 1323 4283 ei
1345 4220 1471 4307 postea
1496 4213 1650 4286 onerosi.
1679 4255 1682 4262 λ
1882 4291 1883 4296 ,

2007 4309 2090 4385 Non
