4452 5462
130 501 404 598 ll'lTULUS
433 495 661 593 CLXXIII.
689 501 937 592 Tribulatio
969 491 1016 590 ‘el
1044 490 1132 618 ejus
1159 493 1342 592 b'rtltrasl
1390 501 1482 593 313·

167 734 269 806 Bene
291 745 464 831 apparet,
479 735 686 808 Dominum
701 759 780 810 esse
801 759 888 810 cum
908 736 1062 811 homine
1077 739 1118 812 in
1133 738 1394 833 tribulatione,
1415 759 1483 835 per
1499 767 1570 821 n...
1592 767 1620 826 a,

116 825 205 904 illos
240 830 358 903 socios
385 831 572 918 Danielis,
604 854 691 904 cum
713 832 855 928 quibus
880 833 979 910 vidit
1005 833 1350 910 Nabuchodonosor
1368 861 1481 933 quar-

111 936 225 1018 tum,
247 925 407 1000 similem
427 924 524 998 Filio
548 925 627 998 Dei.
724 971 730 980 ·
1487 995 1492 1006 ,
1548 985 1550 990 .

169 1019 513 1095 Nabuchodonosor
540 1021 583 1092 in
635 1023 851 1117 rosperitate
874 1024 950 1098 suit
981 1049 1187 1122 arrogans,
1207 1038 1244 1099 et
1275 1027 1479 1121 superbus,
1497 1043 1604 1112 nans.

114 1114 203 1188 ideo
221 1121 362 1213 ejectus
390 1113 436 1186 ab
466 1046 683 1188 hominihus
716 1119 825 1190 etin
858 1121 1011 1192 bestiam
1030 1134 1221 1214 mutatus,
1245 1124 1480 1217 recuperavit
1515 1141 1519 1152 '
1651 1171 1655 1184 ·

111 1213 246 1284 alitem
269 1235 444 1302 sensum,
480 1235 594 1305 quem
623 1213 798 1286 amiserat
824 1214 867 1286 in
898 1212 1043 1290 honore
1069 1217 1210 1311 elatus,
1240 1231 1281 1292 ct
1310 1215 1481 1292 laudavit

112 1304 385 1398 Altissimum‚
444 1331 528 1378 uem
549 1305 871 1404 blasphemaverat
897 1313 1014 1407 prius.

168 1399 358 1493 Tantum,
384 1332 448 1474 vil
470 1401 629 1498 amplius
648 1402 822 1478 laudatus
844 1405 919 1480 fuit
949 1408 1049 1481 Deus
1070 1433 1119 1480 err
1139 1411 1256 1484 trium
1275 1434 1480 1508 pneromm
1496 1408 1566 1462 nan.
1579 1405 1677 1460 sats.

111 1496 319 1590 patientia,
359 1520 472 1592 quam
495 1497 711 1571 habuerunt
737 1499 778 1572 in
805 1499 968 1574 fornacis
995 1503 1259 1597 tribulatione,
1288 1532 1404 1601 quarn
1428 1530 1480 1578 ex

112 1590 282 1698 Danielis
306 1593 488 1699 sapientia
499 1646 511 1684 ,
531 1619 646 1688 quam
675 1592 811 1669 habuit
837 1605 879 1670 in
902 1599 1134 1674 somniorum
1155 1603 1392 1698 expositione
1412 1625 1480 1674 seu

111 1695 196 1755 rnte
242 1696 432 1756 relatione.

163 1709 336 1850 silianus
361 1781 404 1852 in
429 1779 739 1858 condemnatione
762 1785 897 1860 mortis
919 1781 1059 1884 posita,
1083 1817 1154 1858 nec
1174 1791 1319 1862 habens
1350 1815 1480 1862 recur-
1496 1813 1623 1866 Danaa

109 1897 202 1945 sum
226 1872 273 1942 ad
303 1873 515 1956 humanum
538 1875 791 1969 adjutorium,
816 1879 912 1954 flens
935 1884 1100 1988 respexit
1125 1881 1172 1954 ad
1197 1881 1355 1974 coelum,
1382 1884 1480 1955 sicut

109 1972 197 2041 avis
223 1969 387 2042 interra
416 1968 462 2041 ab
481 1967 706 2042 hominibus.
727 1984 764 2042 et
790 1972 946 2046 canibus
972 1977 1238 2048 circumcincta
1258 2001 1337 2048 non
1364 1975 1478 2048 habet

108 2063 331 2160 refugium,
352 2064 570 2140 nisi'clevet
590 2089 629 2137 se
651 2067 693 2136 in
716 2065 845 2138 altum.
1152 2065 1154 2068 ’
1569 2075 1571 2078 ’

164 2160 253 2234 Post
283 2160 428 2233 obitum
460 2159 568 2233 Judce
586 2159 790 2234 Machabaei
808 2175 1040 2236 emerserunt
1061 2163 1209 2260 iniqui,
1235 2175 1272 2237 et
1296 2161 1395 2236 facta
1414 2176 1514 2236 est-1.
1528 2179 1617 2231 naeu.
1629 2199 1656 2250 9„

106 2257 233 2330 fames
264 2255 414 2349 valida,
439 2269 476 2330 et
501 2255 657 2330 abstulit
684 2255 887 2330 Bacchides
917 2259 1056 2354 impius
1085 2260 1268 2334 Dominus
1290 2261 1476 2355 regionis,

105 2365 148 2426 et
180 2353 279 2426 facta
304 2363 361 2425 est
381 2352 576 2427 tribulatio
605 2377 740 2448 magna
763 2352 805 2425 in
836 2353 960 2426 Isratil.

162 2449 363 2522 Decretum
383 2451 478 2524 exiit
494 2460 624 2522 contra
642 2449 792 2522 Judaeos
806 2459 885 2522 tam
896 2451 1074 2548 iniquum
1090 2461 1156 2542 ,ut
1174 2475 1303 2523 omnes
1315 2449 1477 2522 trucida·
1494 2468 1520 2504 2·
1535 2453 1623 2506 Mach·
1633 2455 1659 2506 h

104 2557 267 2636 rentur,
318 2546 360 2618 ui
378 2543 583 2620 sacrificare
594 2544 781 2618 nolebant.
800 2547 891 2618 Erat
910 2571 996 2643 ergo
1012 2547 1152 2620 Judaeoe
1166 2546 1316 2619 miseria
1331 2569 1474 2640 magna.

160 2573 393 2736 Antiochus,
416 2667 504 2716 cum
535 2653 631 2715 esset
660 2666 797 2734 sanus,
816 2638 892 2715 suit
925 2642 1085 2717 crudelis
1114 2640 1319 2733 homicida,
1345 2665 1476 2736 super-
1493 2632 1617 2684 auset.
1632 2649 1658 2702 o

105 2739 205 2810 bus:
226 2748 354 2835 postea
379 2762 576 2834 percussus
604 2762 626 2808 a
644 2739 723 2810 Deo
738 2737 958 2833 gravissimi
984 2751 1022 2812 et
1039 2737 1239 2812 insanabili
1250 2735 1476 2834 plagi,.p,ro-
1498 2791 1503 2804 .

106 2835 277 2930 positum
304 2846 341 2905 et
367 2836 483 2910 verba
508 2833 683 2909 mutavit.

160 2927 279 3004 Natus
300 2929 342 3001 in
368 2927 511 3002 mundo
537 2929 611 3002 cito
638 2953 769 3026 passus
792 2942 848 3002 est
868 2932 1054 3010 Dominus
1079 2953 1290 3025 pressuram
1319 2929 1474 3001 mundi:
1493 2931 1628 2984 urana.

107 3025 167 3094 ita
186 3023 284 3114 quod
308 3023 447 3114 loseph
467 3026 606 3127 accepit
632 3049 718 3096 eum
749 3035 786 3095 et
807 3037 964 3099 matrem
980 3030 1087 3123 ejus,
1110 3035 1146 3096 et
1163 3021 1260 3118 fugit
1278 3024 1322 3093 in
1340 3021 1477 3118 AEgyp-

109 3125 210 3188 tum.
226 3116 281 3184 De
296 3113 424 3182 multis
440 3112 702 3182 afflictionibus
725 3127 763 3181 et
779 3117 946 3205 injuriis,
962 3141 1057 3208 quas
1076 3141 1208 3208 passus
1229 3128 1307 3206 est,
1326 3119 1476 3208 require

108 3211 154 3284 in
178 3207 251 3281 Tit.
285 3205 331 3276 de
351 3204 547 3276 Patientia.

161 3301 328 3400 Apostoli
345 3309 526 3397 praecepto
538 3297 823 3393 magistratuum
833 3296 883 3369 fla
906 3299 1007 3372 ellati
1024 3298 1131 3373 ibant
1153 3299 1370 3396 gaudentes,
1385 3327 1476 3398 quo
1492 3306 1582 3360 Actor.
1597 3307 1623 3361 5.
1681 3350 1690 3373 .

110 3401 218 3477 niam
237 3399 345 3495 digni
366 3395 486 3468 habiti
504 3407 594 3468 sunt
639 3393 854 3465 nonomine
880 3321 970 3466 lesu
991 3396 1256 3468 contumeliam
1280 3397 1368 3490 pati.

162 3497 401 3592 Quamquam
419 3516 511 3567 vero
531 3419 672 3563 Paulus
693 3500 786 3563 tunc
803 3513 881 3562 non
904 3503 999 3563 esset
1023 3512 1110 3561 cunr
1136 3491 1228 3583 illis,
1242 3502 1369 3562 tamen
1394 3492 1473 3586 ipse
1491 3484 1567 3535 Bm·
1580 3485 1606 3538 ⁵·

163 3605 241 3665 stoa
262 3591 308 3664 de
323 3615 362 3663 se
389 3587 512 3660 dixit:
529 3583 802 3658 Gloriamurin
820 3583 1137 3658 tribulationibus.
1167 3589 1215 3658 Et
1231 3584 1276 3656 ad
1304 3583 1473 3658 Corinth.
1491 3586 1516 3620 ²·
1528 3571 1590 3623 ⁰⁰¹·
1602 3589 1642 3626 ¹²·

143 3689 290 3762 ibenter
310 3685 494 3784 gloriabor
506 3684 549 3756 -in
565 3680 847 3756 infirmitatibus
869 3682 978 3777 meis,
995 3691 1041 3754 ut
1055 3677 1241 3756 inhabitet
1261 3681 1303 3753 in
1323 3705 1383 3753 me
1399 3681 1474 3756 vir-

108 3799 174 3859 tus
198 3783 348 3857 Christi.

161 3879 340 3976 Lapidat'o
361 3869 389 3952 'a
418 3876 558 3950 ludaeis
588 3872 797 3972 Stephano,
818 3870 917 3947 facta
943 3884 1004 3946 est
1030 3897 1165 3971 magna
1192 3873 1401 3970 persecutio
1429 3872 1472 3946 in
1489 3876 1617 3930 Actora

108 3976 298 4062 Ecclesra,
346 3999 404 4050 uae
428 3983 506 4047 erat
532 3970 797 4069 lerosolymis,
820 3993 862 4040 ac
888 3994 1016 4044 omnes
1040 3968 1197 4067 dispersi
1219 3981 1308 4043 sunt
1329 3994 1396 4065 per
1415 3995 1472 4042 re-

108 4074 239 4168 giones
270 4003 409 4142 Judaeae
442 4081 478 4140 et
514 4067 704 4158 Samariae,
727 4078 861 4162 praeter
890 4064 1093 4161 Apostolos.
1137 4065 1206 4139 Sed
1236 4077 1346 4159 nota,
1368 4065 1470 4162 quod

109 4166 276 4240 multum
299 4164 440 4260 profuit
462 4161 509 4234 ad
536 4161 828 4258 divulgationem
850 4161 1054 4257 Evangelii.

160 4260 297 4333 Haberi
319 4271 439 4357 potest
466 4283 516 4330 ex
538 4257 682 4330 actibus
704 4255 989 4352 Apostolorum,
1019 4267 1113 4353 quot
1135 4257 1274 4332 Paulus
1309 4256 1468 4331 tribrda-
1486 4261 1577 4319 Μῦν·
1590 4271 1655 4336 aa

107 4358 232 4431 tiones
256 4381 325 4432 seu
343 4354 617 4454 persecutiones
645 4377 776 4450 passus
792 4363 865 4447 est,
884 4363 967 4449 post
992 4354 1276 4433 conversionem
1301 4377 1417 4430 suam„
1483 4345 1539 4401 '⁶³'

1081 4447 1154 4536 Rr.
