4452 5462
25 585 28 606 Ι
195 455 462 552 TlTULUS
486 398 1278 575 CLXll.'SuperioresEcclesiastici‚
1307 473 1387 538 etc.
1428 485 1507 570 299

23 729 27 766 l

43 4431 48 4438 '
158 4413 297 4496 charam
325 4415 547 4518 prophetam
567 4419 610 4494 in
631 4419 729 4496 bello
760 4425 904 4500 occisus
931 4435 997 4500 est.

191 679 354 752 Nicanor
384 677 408 749 J
410 675 524 749 udaeis
546 673 759 746 dicentibus
780 697 787 742 :
811 673 878 745 Est
899 673 1085 746 Dominus
1106 672 1297 769 potensin
1312 670 1425 764 coelo,
1441 671 1509 768 qui
1530 713 1556 750 2,
1569 695 1706 754 uectat.

137 775 253 872 jussit
271 773 330 868 agi
349 770 449 846 diem
473 771 686 867 septimum.
703 769 752 840 Et
768 793 856 865 eg0‚
877 769 1026 866 inquit,
1042 781 1173 866 potens
1193 795 1277 842 sum
1301 793 1414 864 super
1431 781 1511 840 ter·

138 897 224 944 mm
242 871 309 966 qui
327 870 470 964 impero
494 865 593 938 suini
619 889 743 956 arura,
777 878 814 938 et
831 869 979 960 negotia
1001 869 1097 962 regis
1125 866 1284 962 impleri.
1305 865 1508 960 Sequitur:

137 969 191 1040 Et
220 969 261 1040 in
277 989 425 1038 sunnna
449 961 622 1060 superbia
645 972 812 1053 erectus,
833 963 1058 1056 cogitaverat
1074 987 1274 1034 commune
1296 959 1509 1057 trophaeum

19 1141 21 1152 ,
137 1075 305 1136 statuere
336 1059 382 1130 de
405 1057 513 1129 luda

191 1157 289 1228 Cum
319 1153 510 1226 dixissent
533 1149 731 1245 discipuli:
756 1151 938 1242 Domine,
961 1157 1072 1228 etiam
1095 1153 1280 1226 daemonia
1302 1153 1513 1249 subjiciun-
1530 1166 1594 1221 Luc.
1608 1183 1648 1223 ιο.

142 1266 213 1325 tur
236 1250 346 1323 nobis
364 1248 404 1319 in
435 1249 587 1321 nomine
614 1261 700 1336 luc,
730 1250 957 1344 compescuit
975 1267 1038 1323 eos
1056 1252 1241 1324 Dominus
1263 1245 1391 1322 dicens
1412 1272 1420 1318 :
1444 1247 1513 1320 Vi-

138 1347 278 1418 debam
313 1341 515 1416 sathanam
543 1347 640 1418 sicut
672 1341 801 1440 fulgur
827 1343 1021 1422 cadentem
1051 1347 1097 1421 de
1130 1345 1225 1418 coelo
1252 1358 1319 1419 etc.
1358 1345 1405 1417 In
1439 1344 1513 1418 hoc

138 1454 269 1514 tamen
299 1437 416 1512 nolite
443 1441 613 1536 gaudere.

141 1631 170 1702 b
194 1536 372 1698 Suplerbia
395 1535 596 1630 Pharisaei,
622 1538 690 1633 qui
713 1563 752 1610 se
773 1537 958 1634 jactabat,
988 1553 1025 1613 et
1049 1541 1270 1637 proximum
1292 1535 1516 1610 condemna·
1532 1562 1587 1615 Luc
1602 1562 1643 1613 rs.
1710 1591 1714 1598 -

171 1641 229 1719 at,
279 1641 463 1699 amnatur.

190 1725 336 1796 Statuto
358 1720 440 1812 die,
463 1724 626 1798 Herodes
638 1727 678 1796 in
696 1740 800 1800 veste
821 1730 933 1823 regali
950 1729 1045 1814 sedit
1061 1727 1352 1826 pro'l'ribunali,
1380 1739 1417 1801 et
1428 1753 1514 1802 con·
1534 1752 1626 1805 Actor.
1642 1765 1683 1801 ια.

139 1819 364 1890 cionabatur
389 1817 436 1886 ad
462 1844 510 1911 po
538 1819 653 1890 ulum.
681 1821 847 1916 Populus
871 1836 998 1896 autem
1021 1823 1248 1896 acclamabat
1272 1849 1279 1889 :
1300 1824 1370 1892 Dei
1384 1849 1514 1916 voces,

140 1926 181 1986 et
199 1938 277 1984 nou
299 1909 475 1981 hominis.
500 1845 706 1983 Aonfestim
719 1927 844 1984 autem
859 1922 1043 2008 percussit
1061 1943 1148 1988 eum
1167 1915 1330 2010 Angelus
1342 1917 1514 2011 Domini,

140 2035 189 2082 eo
211 2005 312 2104 quod
337 2030 415 2076 non
438 2003 599 2078 dedisset
615 2005 772 2102 gloriam
795 2019 832 2080 et
851 2007 1036 2083 honorem
1058 2012 1164 2104 Deo,
1192 2023 1515 2108 consumptusque

139 2131 165 2178 a
187 2101 379 2179 vermibus
402 2103 602 2202 expiravit.
817 2196 853 2267 ἣ

535 2337 868 2425 TITULUS
927 2339 1123 2426 CLXII.

406 2510 647 2626 Superiores
685 2511 977 2602 Ecclesiastr'ci
1003 2513 1252 2601 honorandi.

142 2639 289 2798 Coro,
316 2698 489 2795 Dathan,
514 2717 551 2777 et
570 2705 713 2780 Abiron
738 2708 997 2806 insurgentes,
1021 2717 1058 2780 et
1077 2703 1260 2804 populum
1288 2701 1518 2774 concitantes
1536 2715 1617 2776 num.
1630 2719 1669 2772 ιδ,
1738 2771 1745 2784 .

142 2811 275 2872 contra
304 2801 462 2896 Moysen
489 2811 527 2873 et
553 2801 701 2896 Aaron,
727 2805 910 2880 inusitato
937 2803 1120 2904 supplicio
1147 2814 1184 2876 et
1206 2799 1301 2897 ipsi,
1323 2808 1361 2870 et
1386 2819 1519 2870 eorum

143 2895 272 2969 omnia
300 2907 410 2968 terrae
436 2892 545 2970 hiatu
564 2897 739 2994 absorpta
762 2915 862 2976 sunt.

193 2991 310 3058 Maria
329 3015 433 3060 soror
446 2992 589 3084 Moysis
606 3006 737 3067 contra
752 2993 907 3070 fratrem
919 3017 1163 3070 murmurans
1174 2991 1277 3086 lepra
1296 2989 1518 3082 percutitur.
1537 3010 1608 3062 uum
1621 3017 1662 3058 u.

197 3077 345 3148 Samuel
369 3077 493 3146 adhuc
510 3104 603 3169 puer
624 3097 769 3154 tantam
785 3094 933 3176 gerebat
953 3091 1236 3160 venerationem
1257 3107 1343 3176 erga
1365 3081 1449 3153 Heli
1465 3107 1520 3154 sa·
1538 3117 1559 3153 1.
1573 3101 1636 3170 neg.
1647 3099 1674 3151 a.

149 3169 363 3262 cerdotem,
381 3181 427 3240 ut
447 3171 582 3262 sapius
601 3186 804 3258 unanocte
828 3179 1054 3269 surrexerit,
1073 3190 1111 3251 et
1133 3175 1180 3248 ad
1199 3200 1289 3250 eum
1307 3177 1520 3270 accesserit,

54 3277 57 3282 ’
149 3279 289 3368 putans
312 3291 350 3338 se
376 3260 509 3335 abillo
536 3277 723 3338 vocatum.

198 3361 407 3437 Samuelem
417 3357 593 3432 Israelita
606 3362 922 3458 spreverunt‚vel
935 3364 1194 3461 potiusDeum
1204 3364 1248 3435 in
1259 3359 1324 3434 ttto
1334 3362 1404 3454 3ait
1419 3365 1520 3436 enim
1539 3405 1561 3442 ι.
1571 3392 1634 3461 aeg.
1644 3391 1671 3444 s.

149 3461 335 3535 Dominus
358 3484 366 3528 :
390 3480 469 3529 non
496 3466 534 3527 te
555 3458 795 3552 abjecerunt,
818 3459 888 3544 sed,
902 3485 972 3532 me.
999 3458 1107 3552 Ideo,
1124 3470 1169 3532 ut
1190 3455 1293 3530 Deus
1307 3455 1413 3530 hunc
1431 3480 1522 3528 con-

150 3568 336 3652 temptum
348 3551 590 3628 ulcisceretur
610 3555 681 3650 (ait
698 3553 912 3651 Cyprianus
929 3557 970 3626 L.
983 3553 1017 3626 3.
1034 3556 1100 3650 Ep.
1113 3555 1163 3653 9.)
1175 3553 1357 3628 excitavit
1369 3552 1422 3623 eis
1434 3551 1523 3624 saul

150 3677 298 3746 regem,
317 3652 384 3748 qui
396 3675 458 3721 eos
475 3647 626 3744 injuriis
646 3653 824 3746 gravibus
844 3649 1086 3748 affligeret‚et
1101 3677 1168 3748 per
1184 3672 1314 3726 omnes
1333 3657 1525 3751 conturna

152 3746 222 3819 lias
245 3759 282 3820 et
307 3771 437 3844 poenas
464 3747 668 3840 superbum
692 3747 873 3844 populum
898 3748 1055 3822 calcaret
1081 3761 1119 3820 et
1140 3755 1346 3842 premeret,
1366 3754 1410 3815 ut
1432 3764 1524 3813 con-

152 3853 317 3938 temptus
338 3837 506 3916 sacerdos
524 3841 569 3914 de
593 3844 753 3940 superbo
775 3844 914 3941 populo
936 3843 1079 3918 stitione
1094 3842 1234 3918 Divina
1252 3839 1521 3916 vindicaretur.

179 3989 184 3998 ·
203 3939 309 4011 Servi
331 3936 435 4029 Saul,
463 3963 485 4008 a
500 3940 662 4012 Domino
680 3966 750 4012 suo
772 3941 889 4036 jussi,
911 3953 955 4014 ut
976 3939 1231 4014 interficerent
1248 3931 1465 4012 Abimeleeh
1484 3944 1523 4008 et
1541 3967 1691 4036 „pum

156 4031 320 4200 relippos
337 4032 568 4129 sacerdotes,
585 4035 792 4110 noluerunt
815 4035 1017 4112 extendere
1035 4061 1172 4110 manus
1194 4059 1280 4108 suas
1296 4033 1338 4106 in
1358 4030 1524 4104 sacerdo·
1610 4051 1649 4107 ¹7·

153 4139 210 4202 tes
267 4129 395 4202 omini.

204 4223 310 4316 Saul,
332 4225 421 4321 quia
439 4225 601 4298 Samueli
620 4227 817 4323 Prophetae
833 4256 911 4302 non
923 4231 1213 4327 obtemperavit,
1232 4253 1349 4324 regno
1370 4223 1522 4296 excidit.
1543 4249 1564 4285 ι.
1578 4232 1641 4300 nes·
1657 4231 1694 4284 ¹5·

204 4319 334 4394 Achab
360 4345 431 4392 rex
457 4334 607 4418 propter
630 4337 887 4421 contemptum
917 4340 954 4400 et
975 4329 1017 4401 in
1046 4325 1202 4404 vincula
1224 4326 1438 4427 conjectum
1453 4319 1526 4398 ui·
1545 4349 1699 4416 amaa.
1765 4371 1771 4380 ·

1056 4521 1162 4613 Ppa
