4502 5484
787 408 816 470 'n
970 380 1233 468 TITULUS
1260 379 1309 467 ΙΙ.
1339 380 1618 467 Abstinentia
1647 396 1691 462 et
1719 373 1948 465 Sobrietas.

1235 755 1563 848 TITULUS
1618 751 1680 840 ll.

1153 1001 1433 1094 Abstinentis
1465 1023 1506 1090 et
1528 985 1531 996 ⁴
1550 983 1774 1088 Sobrrbtas.

596 1299 663 1348 cen.
681 1309 706 1342 α.
790 1205 994 1358 Praecepit
1014 1261 1203 1346 Dominus
1225 1258 1344 1332 Adam
1374 1258 1517 1330 dicens:
1544 1251 1609 1328 Ex
1633 1257 1738 1328 omni
1761 1255 1863 1352 ligno
1913 1253 2048 1331 aradisi
2074 1282 2133 1332 co-

788 1356 917 1449 mede,
945 1355 991 1428 de
1023 1356 1125 1452 ligno
1156 1355 1319 1428 scientiae
1356 1351 1447 1423 boni
1481 1361 1517 1422 et
1549 1349 1640 1422 mali
1674 1373 1723 1423 ne
1764 1375 1867 1454 conte
1894 1375 1944 1424 as.
1980 1354 2025 1424 In
2062 1379 2134 1448 quo

790 1452 1015 1523 abstinentia
1036 1447 1340 1540 commendatur,
1356 1443 1449 1520 dum
1474 1469 1554 1526 non
1575 1447 1679 1520 omni
1699 1445 1782 1518 cibo
1799 1445 1922 1519 voluit
1945 1445 2134 1522 hominem

789 1549 848 1618 uti
869 1545 910 1614 in
936 1543 1124 1616 Paradiso.
1932 1589 1934 1592 -

840 1642 990 1733 Moyses
1017 1637 1092 1710 fuit
1114 1639 1157 1710 in
1182 1647 1309 1708 monte
1336 1659 1423 1708 oum
1450 1635 1611 1708 Domino
1637 1635 1693 1726 ¹1⁰·
1719 1631 1850 1706 diebus
1881 1643 1918 1706 et
1938 1638 1995 1728 rio.
2023 1636 2136 1709 nocti-
2217 1665 2218 1672 ¹

791 1733 880 1823 bus,
898 1743 935 1802 et
952 1755 1030 1804 non
1045 1731 1286 1804 manducavit
1303 1753 1374 1804 nec
1396 1729 1502 1801 bibit.
1521 1728 1757 1802 Abstinentia
1777 1728 1879 1800 enim
1899 1730 1998 1801 bona
2015 1729 2137 1828 dispo-

792 1827 878 1899 sitio
901 1839 957 1898 est
983 1827 1030 1899 ad
1086 1824 1313 1922 ercipiendas
1333 1822 1578 1900 revelationes
1604 1821 1767 1914 divinas,
1789 1833 1827 1894 et
1844 1821 1958 1895 homo
1978 1824 2144 1901 refectus

791 1921 922 1994 divina
951 1853 1223 2014 consolatione,
1246 1920 1339 1994 solet
1364 1918 1570 2015 corporales
1594 1918 1744 1993 delicias
1770 1916 1986 1991 abhorrere..

645 2027 657 2077 i
737 2059 744 2075 ·
829 2015 945 2091 ¹Filiis
967 2017 1080 2090 Isratil
1103 2019 1276 2114 pracepit
1292 2015 1486 2094 Dominus
1502 2041 1527 2086 a
1551 2015 1683 2096 multis
1704 2014 1796 2089 cibis
1820 2013 2016 2096 ¹abstinere.

618 2171 634 2203 u
712 2186 719 2200 ,
837 2109 907 2184 Vir
944 2112 1024 2186 sire
1057 2112 1193 2188 mulier
1230 2135 1318 2187 cum
1347 2120 1482 2188 votum
1515 2108 1647 2192 iecerit
1668 2164 1683 2202 ,
1705 2121 1750 2185 ut
1776 2107 2139 2213 sanctificaretur,et

783 2233 829 2282 se
845 2207 968 2286 voluit
988 2209 1151 2287 Domino
1170 2230 1403 2288 consecrare,
1416 2231 1439 2270 a
1459 2205 1553 2270 sinn
1578 2219 1616 2266 se
1632 2203 1736 2264 omni
1757 2225 1818 2283 eo,
1841 2199 1943 2286 quod
1955 2198 2147 2276 inebriare·

645 2411 664 2456 a
693 2422 733 2454 ι.
785 2303 1378 2459 poiisxtdrilbtstdddbtliberatorem
1406 2369 1537 2470 populi
1572 2386 1824 2474 concepturae,
1844 2375 1997 2472 augelus
2029 2402 2138 2476 appa-

786 2503 874 2553 rens
900 2477 1163 2551 abstinentiam
1194 2469 1346 2544 indixit.

611 2611 627 2644 u
693 2625 701 2640 .
836 2567 892 2639 nd
915 2565 1246 2646 commendandam
1264 2565 1516 2656 sobrietatem,
1536 2589 1621 2660 quae
1639 2577 1694 2638 est
1711 2567 1754 2640 in
1773 2591 1838 2640 esu
1855 2545 2029 2664 piscium,
2047 2579 2083 2644 et
2094 2569 2137 2642 in

788 2663 1013 2734 abstinentia
1035 2661 1246 2734 acamibus
1255 2715 1267 2752 ,
1282 2659 1446 2738 multum
1468 2658 1577 2752 facit,
1596 2661 1696 2758 quod
1716 2663 1897 2739 Dominus
1912 2664 1955 2736 in
1968 2666 2137 2760 Evange-

786 2758 838 2830 lio
859 2757 998 2854 pluries
1020 2757 1282 2852 multiplicavit
1297 2757 1430 2852 pisces,
1452 2781 1530 2829 non
1545 2779 1684 2830 cernes.
1707 2755 1819 2829 Unde
1841 2757 1888 2829 ad
1906 2775 2136 2860 praeceptum

789 2852 943 2926 Domini
966 2854 1230 2925 concluserunt
1249 2851 1424 2948 discipuli
1438 2851 1718 2925 multitudinem
1738 2854 1899 2952 piscium
1915 2855 2109 2951 copiosam.

833 2948 1017 3020 Praeterea
1038 2972 1151 3045 panes
1180 2960 1217 3019 et
1246 2948 1365 3044 pisces
1384 2947 1447 3020 bis
1470 2947 1735 3042 multiplicasse
1759 2949 1913 3043 legitur,
1934 2977 2015 3024 nun
2043 2979 2135 3028 uam

712 3067 714 3070 ·
788 3067 927 3116 earnes.
950 3043 1004 3114 De
1050 3046 1116 3116 uin
1145 3069 1192 3116 ue
1205 3043 1365 3140 panibus
1388 3055 1425 3114 ct
1446 3041 1594 3116 duobus
1609 3043 1785 3140 piscibus,
1808 3048 1932 3117 Marci.
1950 3045 1984 3124 6.
2025 3075 2085 3122 mc
2101 3075 2135 3156 9.

787 3141 882 3218 Item
899 3139 991 3212 dee
1040 3069 1544 3234 animan.·6.1)eseptsm
1564 3139 1725 3234 panibus
1747 3149 1784 3210 et
1827 3143 1929 3214 aucis
1948 3141 2136 3250 pisciculis

788 3235 834 3304 ab
860 3234 941 3330 ipso
965 3235 1126 3308 Domino
1147 3235 1404 3331 multiplicatis
1428 3231 1593 3309 babetur
1619 3230 1750 3312 Manli.
1781 3163 1972 3324 ubilaim
1997 3241 2032 3312 8.

591 3341 651 3417 tei.
676 3379 700 3416 2,
834 3329 976 3405 Volens
994 3331 1128 3406 Petrus
1153 3329 1422 3410 rationabiliter
1439 3328 1651 3420 ostendere,
1673 3328 1775 3424 quod
1797 3327 1970 3425 discipuli
1991 3332 2138 3426 Spiritu

786 3437 914 3503 sancto
936 3425 1055 3524 pleni,
1070 3453 1152 3506 non
1178 3439 1301 3502 essent
1322 3427 1431 3518 ebrii,
1454 3423 1562 3518 dicit,
1578 3423 1680 3594 pund
1701 3421 1825 3498 adhuc
1846 3437 2020 3501 nouerat
2040 3425 2139 3500 hora

785 3517 860 3592 diei
874 3523 992 3595 tertia.
1011 3525 1112 3596 Dans
1123 3519 1464 3612 tmetbgewffiuod
1480 3531 1567 3590 ante
1610 3544 1712 3598 oram
1727 3521 1878 3600 tertiam
1892 3531 1987 3606 esset
1999 3520 2142 3594 incon·-

785 3611 942 3685 veniens
965 3611 1199 3684 manducare.
1310 3673 1312 3678 .

593 3729 685 3791 ..ma
702 3724 742 3789 14.
833 3701 1000 3796 Populus
1022 3703 1135 3776 Israel
1157 3717 1235 3780 erat
1252 3706 1292 3780 in
1313 3704 1443 3782 eastris
1460 3705 1647 3798 esuriens,
1665 3721 1705 3782 et
1723 3721 1802 3782 crat
1820 3710 1895 3782 mel
1916 3735 1984 3806 per
2001 3711 2137 3806 egritm

789 3808 825 3868 et
851 3794 979 3866 nullus
1006 3801 1165 3872 comedit
1193 3802 1238 3874 de
1262 3828 1321 3894 eo,
1345 3824 1458 3898 quant
1490 3799 1669 3878 Jonatbas
1695 3803 1795 3882 filius
1821 3803 1919 3879 Saul.

591 3929 614 3966 2.
631 3913 697 3994 mg.
711 3907 752 3958 23.
837 3889 933 3961 Cum
958 3889 1199 3966 desiderasset
1225 3895 1346 3982 David
1371 3921 1506 4006 aquam
1532 3894 1760 3972 desistente
1788 3897 2023 3992 Bethlehem,
2048 3899 2139 3972 alla-

789 3997 865 4055 tam
892 3995 1017 4079 postea
1038 3985 1159 4060 ndluit
1186 3989 1326 4081 bibere,
1353 4017 1440 4086 quta
1461 3990 1574 4067 nimis
1594 3989 1703 4070 auide
1733 3993 1996 4090 concupiverat
2015 3995 2155 4070 illam.‘

591 4100 616 4154 s.
630 4098 693 4166 neg.
711 4112 749 4166 ις.
837 4080 976 4152 Tenuis
1000 4081 1123 4156 victus
1160 4079 1360 4162 sufficiebat
1384 4085 1514 4178 ileliae,
1537 4086 1603 4181 qui
1626 4087 1731 4180 petiit
1767 4087 1928 4169 avidus
1967 4092 2142 4186 Sarepta-

789 4195 838 4246 na
859 4174 1060 4271 pauculum
1091 4201 1214 4274 equas,
1236 4192 1274 4255 et
1299 4179 1500 4256 buccellam
1526 4181 1646 4276 ‹pa-nis.
