<?xml version="1.0" encoding="UTF-8"?>
<!DOCTYPE html PUBLIC "-//W3C//DTD XHTML 1.0 Transitional//EN"
    "http://www.w3.org/TR/xhtml1/DTD/xhtml1-transitional.dtd">
<html xmlns="http://www.w3.org/1999/xhtml" xml:lang="en" lang="en">
 <head>
  <title>
</title>
<meta http-equiv="Content-Type" content="text/html;charset=utf-8" />
  <meta name='ocr-system' content='tesseract 3.04.00' />
  <meta name='ocr-capabilities' content='ocr_page ocr_carea ocr_par ocr_line ocrx_word'/>
</head>
<body>
  <div class='ocr_page' id='page_1' title='image "./exemplabiblicai00hanagoog_0164.png"; bbox 0 0 4498 5462; ppageno 0'>
   <div class='ocr_carea' id='block_1_1' title="bbox 264 349 1540 510">
    <p class='ocr_par' dir='ltr' id='par_1_1' title="bbox 264 349 1540 510">
     <span class='ocr_line' id='line_1_1' title="bbox 264 349 1540 510; baseline 0.003 -44"><span class='ocrx_word' id='word_1_1' title='bbox 264 377 525 466; x_wconf 82' lang='lat' dir='ltr'>TITULUS</span> <span class='ocrx_word' id='word_1_2' title='bbox 572 375 768 468; x_wconf 86' lang='lat' dir='ltr'>LXXXI.</span> <span class='ocrx_word' id='word_1_3' title='bbox 817 381 990 472; x_wconf 79' lang='lat' dir='ltr'>JudicIa</span> <span class='ocrx_word' id='word_1_4' title='bbox 1032 386 1122 471; x_wconf 87' lang='lat' dir='ltr'>Dei</span> <span class='ocrx_word' id='word_1_5' title='bbox 1158 349 1344 473; x_wconf 77' lang='lat' dir='ltr'>occulta.</span> <span class='ocrx_word' id='word_1_6' title='bbox 1413 396 1488 510; x_wconf 66' lang='lat'>149</span> <span class='ocrx_word' id='word_1_7' title='bbox 1538 465 1540 470; x_wconf 79' lang='grc'>,</span> 
     </span>
    </p>
   </div>
   <div class='ocr_carea' id='block_1_2' title="bbox 508 633 1119 732">
    <p class='ocr_par' dir='ltr' id='par_1_2' title="bbox 508 633 1119 732">
     <span class='ocr_line' id='line_1_2' title="bbox 508 633 1119 732; baseline 0.01 -6"><span class='ocrx_word' id='word_1_8' title='bbox 508 633 839 726; x_wconf 87' lang='lat' dir='ltr'>TITULUS</span> <span class='ocrx_word' id='word_1_9' title='bbox 886 644 1119 732; x_wconf 87' lang='lat' dir='ltr'>LXXXl.</span> 
     </span>
    </p>
   </div>
   <div class='ocr_carea' id='block_1_3' title="bbox 559 819 1079 960">
    <p class='ocr_par' dir='ltr' id='par_1_3' title="bbox 559 819 1079 960">
     <span class='ocr_line' id='line_1_3' title="bbox 559 819 1079 960; baseline 0.012 -57"><span class='ocrx_word' id='word_1_10' title='bbox 559 821 734 904; x_wconf 81' lang='lat' dir='ltr'>Judicia</span> <span class='ocrx_word' id='word_1_11' title='bbox 772 819 862 960; x_wconf 77' lang='lat' dir='ltr'>Dei</span> <span class='ocrx_word' id='word_1_12' title='bbox 901 823 1079 909; x_wconf 81' lang='lat' dir='ltr'>occulta.</span> 
     </span>
    </p>
   </div>
   <div class='ocr_carea' id='block_1_4' title="bbox 134 949 1724 1741">
    <p class='ocr_par' dir='ltr' id='par_1_4' title="bbox 136 949 1628 1110">
     <span class='ocr_line' id='line_1_4' title="bbox 136 949 1628 1110; baseline 0.005 -30"><span class='ocrx_word' id='word_1_13' title='bbox 136 949 306 1081; x_wconf 81' lang='lat' dir='ltr'>Sciebat</span> <span class='ocrx_word' id='word_1_14' title='bbox 328 1009 513 1080; x_wconf 79' lang='lat' dir='ltr'>Dominus</span> <span class='ocrx_word' id='word_1_15' title='bbox 532 1006 724 1078; x_wconf 86' lang='lat' dir='ltr'>homiuem</span> <span class='ocrx_word' id='word_1_16' title='bbox 745 1021 1001 1105; x_wconf 86' lang='lat' dir='ltr'>peccaturum,</span> <span class='ocrx_word' id='word_1_17' title='bbox 1018 1025 1056 1085; x_wconf 91' lang='lat' dir='ltr'>et</span> <span class='ocrx_word' id='word_1_18' title='bbox 1074 1023 1198 1086; x_wconf 89' lang='lat' dir='ltr'>tamen</span> <span class='ocrx_word' id='word_1_19' title='bbox 1221 1014 1344 1110; x_wconf 88' lang='lat' dir='ltr'>ipsum</span> <span class='ocrx_word' id='word_1_20' title='bbox 1365 1038 1488 1108; x_wconf 88' lang='lat' dir='ltr'>pecca-</span> <span class='ocrx_word' id='word_1_21' title='bbox 1506 1015 1574 1069; x_wconf 76' lang='lat' dir='ltr'>een.</span> <span class='ocrx_word' id='word_1_22' title='bbox 1593 1033 1628 1096; x_wconf 62' lang='lat' dir='ltr'>”s</span> 
     </span>
    </p>

    <p class='ocr_par' dir='ltr' id='par_1_5' title="bbox 134 1102 1498 1204">
     <span class='ocr_line' id='line_1_5' title="bbox 134 1102 1498 1204; baseline 0.003 -28"><span class='ocrx_word' id='word_1_23' title='bbox 134 1103 251 1176; x_wconf 86' lang='lat' dir='ltr'>bilem</span> <span class='ocrx_word' id='word_1_24' title='bbox 268 1102 375 1194; x_wconf 83' lang='lat' dir='ltr'>fecit,</span> <span class='ocrx_word' id='word_1_25' title='bbox 392 1127 478 1174; x_wconf 88' lang='lat' dir='ltr'>cum</span> <span class='ocrx_word' id='word_1_26' title='bbox 494 1103 767 1196; x_wconf 82' lang='lat' dir='ltr'>impeccabilem</span> <span class='ocrx_word' id='word_1_27' title='bbox 784 1103 903 1176; x_wconf 85' lang='lat' dir='ltr'>facere</span> <span class='ocrx_word' id='word_1_28' title='bbox 918 1109 1109 1200; x_wconf 87' lang='lat' dir='ltr'>potuisset.</span> <span class='ocrx_word' id='word_1_29' title='bbox 1127 1109 1196 1180; x_wconf 91' lang='lat' dir='ltr'>Sed</span> <span class='ocrx_word' id='word_1_30' title='bbox 1208 1110 1362 1201; x_wconf 85' lang='lat' dir='ltr'>sciebat,</span> <span class='ocrx_word' id='word_1_31' title='bbox 1373 1127 1498 1204; x_wconf 53' lang='lat' dir='ltr'>quan*</span> 
     </span>
    </p>

    <p class='ocr_par' dir='ltr' id='par_1_6' title="bbox 134 1196 1724 1390">
     <span class='ocr_line' id='line_1_6' title="bbox 134 1196 1724 1276; baseline 0.004 -7"><span class='ocrx_word' id='word_1_32' title='bbox 134 1209 223 1276; x_wconf 82' lang='lat' dir='ltr'>tum</span> <span class='ocrx_word' id='word_1_33' title='bbox 245 1197 390 1268; x_wconf 89' lang='lat' dir='ltr'>bonum</span> <span class='ocrx_word' id='word_1_34' title='bbox 416 1196 608 1268; x_wconf 79' lang='lat' dir='ltr'>occasione</span> <span class='ocrx_word' id='word_1_35' title='bbox 630 1197 732 1270; x_wconf 91' lang='lat' dir='ltr'>illins</span> <span class='ocrx_word' id='word_1_36' title='bbox 752 1197 811 1270; x_wconf 90' lang='lat' dir='ltr'>cul</span> <span class='ocrx_word' id='word_1_37' title='bbox 838 1222 869 1268; x_wconf 78' lang='lat' dir='ltr'>as</span> <span class='ocrx_word' id='word_1_38' title='bbox 893 1201 976 1271; x_wconf 90' lang='lat' dir='ltr'>elici</span> <span class='ocrx_word' id='word_1_39' title='bbox 997 1201 1195 1273; x_wconf 86' lang='lat' dir='ltr'>debuisset.</span> <span class='ocrx_word' id='word_1_40' title='bbox 1721 1259 1724 1268; x_wconf 57' lang='grc'>,</span> 
     </span>
     <span class='ocr_line' id='line_1_7' title="bbox 189 1225 1686 1390; baseline 0.006 -28"><span class='ocrx_word' id='word_1_41' title='bbox 189 1289 375 1362; x_wconf 91' lang='lat' dir='ltr'>Undecim</span> <span class='ocrx_word' id='word_1_42' title='bbox 398 1289 469 1362; x_wconf 89' lang='lat' dir='ltr'>filii</span> <span class='ocrx_word' id='word_1_43' title='bbox 493 1291 607 1364; x_wconf 84' lang='lat' dir='ltr'>Jacob</span> <span class='ocrx_word' id='word_1_44' title='bbox 632 1291 785 1364; x_wconf 84' lang='lat' dir='ltr'>fratrem</span> <span class='ocrx_word' id='word_1_45' title='bbox 813 1225 951 1389; x_wconf 73' lang='lat' dir='ltr'>loseph</span> <span class='ocrx_word' id='word_1_46' title='bbox 974 1295 1194 1388; x_wconf 83' lang='lat' dir='ltr'>extinguere</span> <span class='ocrx_word' id='word_1_47' title='bbox 1219 1297 1486 1390; x_wconf 77' lang='lat' dir='ltr'>decreveramt,</span> <span class='ocrx_word' id='word_1_48' title='bbox 1504 1307 1572 1359; x_wconf 67' lang='lat' dir='ltr'>cen.</span> <span class='ocrx_word' id='word_1_49' title='bbox 1597 1305 1639 1376; x_wconf 78' lang='lat'>³7·</span> <span class='ocrx_word' id='word_1_50' title='bbox 1656 1309 1686 1359; x_wconf 71' lang='lat' dir='ltr'>et</span> 
     </span>
    </p>

    <p class='ocr_par' dir='ltr' id='par_1_7' title="bbox 139 1374 1638 1582">
     <span class='ocr_line' id='line_1_8' title="bbox 139 1374 1576 1484; baseline 0.006 -28"><span class='ocrx_word' id='word_1_51' title='bbox 139 1383 204 1456; x_wconf 89' lang='lat' dir='ltr'>sed</span> <span class='ocrx_word' id='word_1_52' title='bbox 224 1386 303 1456; x_wconf 89' lang='lat' dir='ltr'>Deo</span> <span class='ocrx_word' id='word_1_53' title='bbox 321 1385 540 1480; x_wconf 89' lang='lat' dir='ltr'>disponente</span> <span class='ocrx_word' id='word_1_54' title='bbox 559 1387 682 1482; x_wconf 90' lang='lat' dir='ltr'>ipsum</span> <span class='ocrx_word' id='word_1_55' title='bbox 705 1412 816 1482; x_wconf 89' lang='lat' dir='ltr'>super</span> <span class='ocrx_word' id='word_1_56' title='bbox 838 1389 976 1484; x_wconf 89' lang='lat' dir='ltr'>seipsos</span> <span class='ocrx_word' id='word_1_57' title='bbox 996 1389 1269 1465; x_wconf 86' lang='lat' dir='ltr'>exaltaverunt.</span> <span class='ocrx_word' id='word_1_58' title='bbox 1475 1455 1477 1458; x_wconf 96' lang='lat'>.</span> <span class='ocrx_word' id='word_1_59' title='bbox 1538 1374 1576 1438; x_wconf 72' lang='lat'>⁴¹·</span> 
     </span>
     <span class='ocr_line' id='line_1_9' title="bbox 189 1479 1638 1582; baseline 0.004 -34"><span class='ocrx_word' id='word_1_60' title='bbox 189 1480 346 1550; x_wconf 90' lang='lat' dir='ltr'>Mirante</span> <span class='ocrx_word' id='word_1_61' title='bbox 372 1479 526 1576; x_wconf 87' lang='lat' dir='ltr'>Joseph,</span> <span class='ocrx_word' id='word_1_62' title='bbox 548 1494 585 1553; x_wconf 84' lang='lat' dir='ltr'>ct</span> <span class='ocrx_word' id='word_1_63' title='bbox 607 1507 757 1554; x_wconf 87' lang='lat' dir='ltr'>causam</span> <span class='ocrx_word' id='word_1_64' title='bbox 771 1485 990 1578; x_wconf 82' lang='lat' dir='ltr'>ignorante,</span> <span class='ocrx_word' id='word_1_65' title='bbox 1012 1483 1127 1554; x_wconf 87' lang='lat' dir='ltr'>Jacob</span> <span class='ocrx_word' id='word_1_66' title='bbox 1152 1487 1193 1556; x_wconf 89' lang='lat' dir='ltr'>in</span> <span class='ocrx_word' id='word_1_67' title='bbox 1218 1485 1379 1557; x_wconf 87' lang='lat' dir='ltr'>liliorum</span> <span class='ocrx_word' id='word_1_68' title='bbox 1404 1490 1486 1582; x_wconf 87' lang='lat' dir='ltr'>ejus</span> <span class='ocrx_word' id='word_1_69' title='bbox 1504 1505 1571 1556; x_wconf 80' lang='lat' dir='ltr'>een.</span> <span class='ocrx_word' id='word_1_70' title='bbox 1594 1503 1638 1569; x_wconf 76' lang='lat'>4⁸.</span> 
     </span>
    </p>

    <p class='ocr_par' dir='ltr' id='par_1_8' title="bbox 137 1572 1488 1684">
     <span class='ocr_line' id='line_1_10' title="bbox 137 1572 1488 1684; baseline 0.008 -43"><span class='ocrx_word' id='word_1_71' title='bbox 137 1572 395 1684; x_wconf 77' lang='lat' dir='ltr'>benedictione</span> <span class='ocrx_word' id='word_1_72' title='bbox 421 1600 533 1671; x_wconf 88' lang='lat' dir='ltr'>super</span> <span class='ocrx_word' id='word_1_73' title='bbox 553 1576 734 1673; x_wconf 83' lang='lat' dir='ltr'>Ephraim</span> <span class='ocrx_word' id='word_1_74' title='bbox 755 1579 881 1676; x_wconf 89' lang='lat' dir='ltr'>posuit</span> <span class='ocrx_word' id='word_1_75' title='bbox 893 1602 1050 1650; x_wconf 90' lang='lat' dir='ltr'>manum</span> <span class='ocrx_word' id='word_1_76' title='bbox 1074 1575 1262 1671; x_wconf 79' lang='lat' dir='ltr'>dextram,</span> <span class='ocrx_word' id='word_1_77' title='bbox 1286 1586 1488 1676; x_wconf 88' lang='lat' dir='ltr'>superMa-</span> 
     </span>
    </p>

    <p class='ocr_par' dir='ltr' id='par_1_9' title="bbox 138 1681 510 1741">
     <span class='ocr_line' id='line_1_11' title="bbox 138 1681 510 1741; baseline 0 -3"><span class='ocrx_word' id='word_1_78' title='bbox 138 1691 286 1738; x_wconf 89' lang='lat' dir='ltr'>nassem</span> <span class='ocrx_word' id='word_1_79' title='bbox 305 1681 510 1741; x_wconf 84' lang='lat' dir='ltr'>srmstram..</span> 
     </span>
    </p>
   </div>
   <div class='ocr_carea' id='block_1_5' title="bbox 76 1761 1717 1953">
    <p class='ocr_par' dir='ltr' id='par_1_10' title="bbox 76 1761 1717 1953">
     <span class='ocr_line' id='line_1_12' title="bbox 186 1761 1717 1866; baseline 0.006 -35"><span class='ocrx_word' id='word_1_80' title='bbox 186 1761 389 1856; x_wconf 89' lang='lat' dir='ltr'>Postquam</span> <span class='ocrx_word' id='word_1_81' title='bbox 411 1767 560 1860; x_wconf 87' lang='lat' dir='ltr'>Moyses</span> <span class='ocrx_word' id='word_1_82' title='bbox 580 1780 812 1858; x_wconf 86' lang='lat' dir='ltr'>percusserat</span> <span class='ocrx_word' id='word_1_83' title='bbox 834 1768 1074 1864; x_wconf 83' lang='lat' dir='ltr'>AE&#39;gyptium,</span> <span class='ocrx_word' id='word_1_84' title='bbox 1096 1778 1135 1839; x_wconf 90' lang='lat' dir='ltr'>et</span> <span class='ocrx_word' id='word_1_85' title='bbox 1151 1765 1353 1842; x_wconf 83' lang='lat' dir='ltr'>offenderat</span> <span class='ocrx_word' id='word_1_86' title='bbox 1371 1771 1488 1842; x_wconf 90' lang='lat' dir='ltr'>corri-</span> <span class='ocrx_word' id='word_1_87' title='bbox 1503 1769 1589 1825; x_wconf 69' lang='lat' dir='ltr'>End.</span> <span class='ocrx_word' id='word_1_88' title='bbox 1601 1784 1626 1820; x_wconf 78' lang='lat'>²·</span> <span class='ocrx_word' id='word_1_89' title='bbox 1640 1770 1666 1820; x_wconf 81' lang='lat'>³·</span> <span class='ocrx_word' id='word_1_90' title='bbox 1712 1859 1717 1866; x_wconf 30' lang='grc' dir='ltr'>Ι</span> 
     </span>
     <span class='ocr_line' id='line_1_13' title="bbox 76 1853 1489 1953; baseline 0.008 -30"><span class='ocrx_word' id='word_1_91' title='bbox 76 1945 80 1952; x_wconf 28' lang='grc'><em>,</em></span> <span class='ocrx_word' id='word_1_92' title='bbox 138 1853 276 1950; x_wconf 91' lang='lat' dir='ltr'>piendo</span> <span class='ocrx_word' id='word_1_93' title='bbox 290 1853 488 1948; x_wconf 85' lang='lat' dir='ltr'>quemdam</span> <span class='ocrx_word' id='word_1_94' title='bbox 506 1857 695 1950; x_wconf 76' lang='lat' dir='ltr'>Judaeum,</span> <span class='ocrx_word' id='word_1_95' title='bbox 712 1859 808 1953; x_wconf 87' lang='lat' dir='ltr'>sugit</span> <span class='ocrx_word' id='word_1_96' title='bbox 826 1883 848 1929; x_wconf 90' lang='lat' dir='ltr'>a</span> <span class='ocrx_word' id='word_1_97' title='bbox 863 1863 956 1929; x_wconf 86' lang='lat' dir='ltr'>facie</span> <span class='ocrx_word' id='word_1_98' title='bbox 967 1859 1191 1951; x_wconf 86' lang='lat' dir='ltr'>Pharaonis,</span> <span class='ocrx_word' id='word_1_99' title='bbox 1209 1877 1246 1934; x_wconf 88' lang='lat' dir='ltr'>et</span> <span class='ocrx_word' id='word_1_100' title='bbox 1262 1863 1434 1934; x_wconf 84' lang='lat' dir='ltr'>exulavit</span> <span class='ocrx_word' id='word_1_101' title='bbox 1446 1865 1489 1934; x_wconf 89' lang='lat' dir='ltr'>in</span> 
     </span>
    </p>
   </div>
   <div class='ocr_carea' id='block_1_6' title="bbox 139 1947 1685 4210">
    <p class='ocr_par' dir='ltr' id='par_1_11' title="bbox 140 1947 1498 2324">
     <span class='ocr_line' id='line_1_14' title="bbox 140 1947 1498 2048; baseline 0.005 -30"><span class='ocrx_word' id='word_1_102' title='bbox 140 1960 241 2020; x_wconf 82' lang='lat' dir='ltr'>terra</span> <span class='ocrx_word' id='word_1_103' title='bbox 252 1947 400 2020; x_wconf 89' lang='lat' dir='ltr'>Madian</span> <span class='ocrx_word' id='word_1_104' title='bbox 410 1951 538 2022; x_wconf 89' lang='lat' dir='ltr'>multis</span> <span class='ocrx_word' id='word_1_105' title='bbox 550 1953 846 2048; x_wconf 73' lang='lat' dir='ltr'>annis‚ita&#39;quod</span> <span class='ocrx_word' id='word_1_106' title='bbox 857 1951 1126 2042; x_wconf 82' lang='lat' dir='ltr'>videbatur,ue</span> <span class='ocrx_word' id='word_1_107' title='bbox 1137 1951 1182 2022; x_wconf 91' lang='lat' dir='ltr'>de</span> <span class='ocrx_word' id='word_1_108' title='bbox 1194 1967 1325 2026; x_wconf 78' lang='lat' dir='ltr'>cetero</span> <span class='ocrx_word' id='word_1_109' title='bbox 1336 1953 1498 2025; x_wconf 84' lang='lat' dir='ltr'>auderet.</span> 
     </span>
     <span class='ocr_line' id='line_1_15' title="bbox 142 2044 1489 2142; baseline 0.002 -30"><span class='ocrx_word' id='word_1_110' title='bbox 142 2066 352 2135; x_wconf 86' lang='lat' dir='ltr'>comparere</span> <span class='ocrx_word' id='word_1_111' title='bbox 363 2044 515 2116; x_wconf 88' lang='lat' dir='ltr'>interra</span> <span class='ocrx_word' id='word_1_112' title='bbox 525 2047 684 2142; x_wconf 83' lang='lat' dir='ltr'>AEgypti.</span> <span class='ocrx_word' id='word_1_113' title='bbox 698 2049 746 2118; x_wconf 88' lang='lat' dir='ltr'>Et</span> <span class='ocrx_word' id='word_1_114' title='bbox 758 2047 906 2118; x_wconf 85' lang='lat' dir='ltr'>tandem</span> <span class='ocrx_word' id='word_1_115' title='bbox 919 2047 972 2119; x_wconf 91' lang='lat' dir='ltr'>ibi</span> <span class='ocrx_word' id='word_1_116' title='bbox 983 2044 1266 2140; x_wconf 79' lang='lat' dir='ltr'>pascendo-oues</span> <span class='ocrx_word' id='word_1_117' title='bbox 1279 2047 1489 2135; x_wconf 90' lang='lat' dir='ltr'>socerisui,</span> 
     </span>
     <span class='ocr_line' id='line_1_16' title="bbox 143 2135 1492 2230; baseline 0.003 -24"><span class='ocrx_word' id='word_1_118' title='bbox 143 2135 279 2206; x_wconf 88' lang='lat' dir='ltr'>habuit</span> <span class='ocrx_word' id='word_1_119' title='bbox 299 2139 458 2230; x_wconf 82' lang='lat' dir='ltr'>majores</span> <span class='ocrx_word' id='word_1_120' title='bbox 476 2141 686 2212; x_wconf 88' lang='lat' dir='ltr'>occasiones</span> <span class='ocrx_word' id='word_1_121' title='bbox 706 2140 866 2212; x_wconf 85' lang='lat' dir='ltr'>vacandi</span> <span class='ocrx_word' id='word_1_122' title='bbox 880 2141 976 2230; x_wconf 91' lang='lat' dir='ltr'>Deo,</span> <span class='ocrx_word' id='word_1_123' title='bbox 1003 2151 1040 2210; x_wconf 90' lang='lat' dir='ltr'>et</span> <span class='ocrx_word' id='word_1_124' title='bbox 1062 2137 1159 2210; x_wconf 82' lang='lat' dir='ltr'>uidit</span> <span class='ocrx_word' id='word_1_125' title='bbox 1179 2141 1364 2214; x_wconf 86' lang='lat' dir='ltr'>visionem</span> <span class='ocrx_word' id='word_1_126' title='bbox 1384 2139 1492 2210; x_wconf 85' lang='lat' dir='ltr'>illam</span> 
     </span>
     <span class='ocr_line' id='line_1_17' title="bbox 144 2227 1415 2324; baseline 0.002 -22"><span class='ocrx_word' id='word_1_127' title='bbox 144 2227 337 2324; x_wconf 84' lang='lat' dir='ltr'>grandem,</span> <span class='ocrx_word' id='word_1_128' title='bbox 352 2252 395 2299; x_wconf 91' lang='lat' dir='ltr'>ac</span> <span class='ocrx_word' id='word_1_129' title='bbox 413 2231 553 2302; x_wconf 86' lang='lat' dir='ltr'>missus</span> <span class='ocrx_word' id='word_1_130' title='bbox 574 2231 648 2303; x_wconf 83' lang='lat' dir='ltr'>fuit</span> <span class='ocrx_word' id='word_1_131' title='bbox 667 2257 690 2302; x_wconf 90' lang='lat' dir='ltr'>a</span> <span class='ocrx_word' id='word_1_132' title='bbox 703 2235 781 2302; x_wconf 89' lang='lat' dir='ltr'>Deo</span> <span class='ocrx_word' id='word_1_133' title='bbox 799 2233 845 2302; x_wconf 86' lang='lat' dir='ltr'>ad</span> <span class='ocrx_word' id='word_1_134' title='bbox 865 2233 961 2304; x_wconf 87' lang='lat' dir='ltr'>lilios</span> <span class='ocrx_word' id='word_1_135' title='bbox 979 2233 1093 2302; x_wconf 68' lang='lat' dir='ltr'>Israel</span> <span class='ocrx_word' id='word_1_136' title='bbox 1114 2245 1152 2303; x_wconf 89' lang='lat' dir='ltr'>et</span> <span class='ocrx_word' id='word_1_137' title='bbox 1171 2233 1415 2304; x_wconf 87' lang='lat' dir='ltr'>Pharaonem.</span> 
     </span>
    </p>

    <p class='ocr_par' dir='ltr' id='par_1_12' title="bbox 144 2323 1667 2518">
     <span class='ocr_line' id='line_1_18' title="bbox 192 2323 1667 2415; baseline 0 -21"><span class='ocrx_word' id='word_1_138' title='bbox 192 2325 336 2396; x_wconf 87' lang='lat' dir='ltr'>Sciebat</span> <span class='ocrx_word' id='word_1_139' title='bbox 355 2325 539 2396; x_wconf 85' lang='lat' dir='ltr'>Dominus</span> <span class='ocrx_word' id='word_1_140' title='bbox 560 2323 794 2399; x_wconf 87' lang='lat' dir='ltr'>Pharaonem</span> <span class='ocrx_word' id='word_1_141' title='bbox 815 2350 895 2396; x_wconf 91' lang='lat' dir='ltr'>non</span> <span class='ocrx_word' id='word_1_142' title='bbox 915 2324 1154 2397; x_wconf 88' lang='lat' dir='ltr'>obediturum</span> <span class='ocrx_word' id='word_1_143' title='bbox 1178 2325 1364 2396; x_wconf 89' lang='lat' dir='ltr'>mandatis</span> <span class='ocrx_word' id='word_1_144' title='bbox 1392 2327 1488 2415; x_wconf 88' lang='lat' dir='ltr'>suis,</span> <span class='ocrx_word' id='word_1_145' title='bbox 1507 2340 1593 2392; x_wconf 74' lang='lat' dir='ltr'>uxos.</span> <span class='ocrx_word' id='word_1_146' title='bbox 1605 2340 1667 2394; x_wconf 65' lang='lat' dir='ltr'>aa.</span> 
     </span>
     <span class='ocr_line' id='line_1_19' title="bbox 144 2417 1109 2518; baseline -0.003 -28"><span class='ocrx_word' id='word_1_147' title='bbox 144 2429 181 2490; x_wconf 90' lang='lat' dir='ltr'>et</span> <span class='ocrx_word' id='word_1_148' title='bbox 207 2429 332 2490; x_wconf 89' lang='lat' dir='ltr'>tamen</span> <span class='ocrx_word' id='word_1_149' title='bbox 348 2419 474 2512; x_wconf 85' lang='lat' dir='ltr'>ipsum</span> <span class='ocrx_word' id='word_1_150' title='bbox 499 2445 567 2514; x_wconf 88' lang='lat' dir='ltr'>per</span> <span class='ocrx_word' id='word_1_151' title='bbox 586 2425 743 2518; x_wconf 89' lang='lat' dir='ltr'>Moysen</span> <span class='ocrx_word' id='word_1_152' title='bbox 766 2418 924 2492; x_wconf 87' lang='lat' dir='ltr'>faciebat</span> <span class='ocrx_word' id='word_1_153' title='bbox 949 2417 1109 2513; x_wconf 82' lang='lat' dir='ltr'>requiri..</span> 
     </span>
    </p>

    <p class='ocr_par' dir='ltr' id='par_1_13' title="bbox 144 2511 1685 2706">
     <span class='ocr_line' id='line_1_20' title="bbox 192 2511 1685 2610; baseline 0 -26"><span class='ocrx_word' id='word_1_154' title='bbox 192 2513 404 2610; x_wconf 83' lang='lat' dir='ltr'>Antequam</span> <span class='ocrx_word' id='word_1_155' title='bbox 429 2513 602 2604; x_wconf 72' lang='lat' dir='ltr'>educmet</span> <span class='ocrx_word' id='word_1_156' title='bbox 622 2517 807 2589; x_wconf 88' lang='lat' dir='ltr'>Dominus</span> <span class='ocrx_word' id='word_1_157' title='bbox 829 2513 926 2584; x_wconf 90' lang='lat' dir='ltr'>filios</span> <span class='ocrx_word' id='word_1_158' title='bbox 952 2512 1067 2585; x_wconf 69' lang='lat' dir='ltr'>Israel</span> <span class='ocrx_word' id='word_1_159' title='bbox 1095 2536 1145 2584; x_wconf 86' lang='lat' dir='ltr'>ex</span> <span class='ocrx_word' id='word_1_160' title='bbox 1173 2513 1351 2610; x_wconf 86' lang='lat' dir='ltr'>AEgypto,</span> <span class='ocrx_word' id='word_1_161' title='bbox 1377 2511 1488 2606; x_wconf 90' lang='lat' dir='ltr'>longo</span> <span class='ocrx_word' id='word_1_162' title='bbox 1506 2542 1685 2600; x_wconf 51' lang='lat' dir='ltr'>amam</span> 
     </span>
     <span class='ocr_line' id='line_1_21' title="bbox 144 2605 1266 2706; baseline -0.002 -28"><span class='ocrx_word' id='word_1_163' title='bbox 144 2619 327 2702; x_wconf 89' lang='lat' dir='ltr'>tempore,</span> <span class='ocrx_word' id='word_1_164' title='bbox 343 2620 380 2681; x_wconf 90' lang='lat' dir='ltr'>et</span> <span class='ocrx_word' id='word_1_165' title='bbox 398 2609 589 2682; x_wconf 89' lang='lat' dir='ltr'>multoties</span> <span class='ocrx_word' id='word_1_166' title='bbox 609 2637 671 2684; x_wconf 91' lang='lat' dir='ltr'>eos</span> <span class='ocrx_word' id='word_1_167' title='bbox 691 2609 803 2706; x_wconf 88' lang='lat' dir='ltr'>affligi</span> <span class='ocrx_word' id='word_1_168' title='bbox 823 2620 860 2682; x_wconf 88' lang='lat' dir='ltr'>et</span> <span class='ocrx_word' id='word_1_169' title='bbox 886 2605 1062 2704; x_wconf 87' lang='lat' dir='ltr'>flagellari</span> <span class='ocrx_word' id='word_1_170' title='bbox 1087 2607 1266 2700; x_wconf 88' lang='lat' dir='ltr'>permisit.</span> 
     </span>
    </p>

    <p class='ocr_par' dir='ltr' id='par_1_14' title="bbox 139 2698 1633 2910">
     <span class='ocr_line' id='line_1_22' title="bbox 191 2698 1633 2798; baseline 0.001 -26"><span class='ocrx_word' id='word_1_171' title='bbox 191 2705 288 2797; x_wconf 85' lang='lat' dir='ltr'>Magi</span> <span class='ocrx_word' id='word_1_172' title='bbox 306 2716 342 2777; x_wconf 89' lang='lat' dir='ltr'>et</span> <span class='ocrx_word' id='word_1_173' title='bbox 363 2703 522 2778; x_wconf 87' lang='lat' dir='ltr'>malefici</span> <span class='ocrx_word' id='word_1_174' title='bbox 544 2705 767 2798; x_wconf 87' lang='lat' dir='ltr'>Pharaonis,</span> <span class='ocrx_word' id='word_1_175' title='bbox 789 2705 869 2777; x_wconf 92' lang='lat' dir='ltr'>Deo</span> <span class='ocrx_word' id='word_1_176' title='bbox 897 2702 1156 2798; x_wconf 80' lang='lat' dir='ltr'>permittente,</span> <span class='ocrx_word' id='word_1_177' title='bbox 1183 2698 1354 2776; x_wconf 87' lang='lat' dir='ltr'>fecerunt</span> <span class='ocrx_word' id='word_1_178' title='bbox 1381 2701 1489 2798; x_wconf 90' lang='lat' dir='ltr'>signa.</span> <span class='ocrx_word' id='word_1_179' title='bbox 1504 2720 1588 2772; x_wconf 75' lang='lat' dir='ltr'>uxos.</span> <span class='ocrx_word' id='word_1_180' title='bbox 1609 2740 1633 2791; x_wconf 80' lang='lat'>7.</span> 
     </span>
     <span class='ocr_line' id='line_1_23' title="bbox 139 2797 1001 2910; baseline -0.001 -41"><span class='ocrx_word' id='word_1_181' title='bbox 139 2797 182 2869; x_wconf 90' lang='lat' dir='ltr'>in</span> <span class='ocrx_word' id='word_1_182' title='bbox 202 2798 387 2910; x_wconf 74' lang='lat' dir='ltr'>&#39;AEgypto,</span> <span class='ocrx_word' id='word_1_183' title='bbox 415 2799 512 2872; x_wconf 89' lang='lat' dir='ltr'>sicut</span> <span class='ocrx_word' id='word_1_184' title='bbox 540 2803 712 2897; x_wconf 81' lang='lat' dir='ltr'>Moyses,</span> <span class='ocrx_word' id='word_1_185' title='bbox 735 2797 859 2896; x_wconf 88' lang='lat' dir='ltr'>quoad</span> <span class='ocrx_word' id='word_1_186' title='bbox 883 2799 1001 2894; x_wconf 90' lang='lat' dir='ltr'>plura.</span> 
     </span>
    </p>

    <p class='ocr_par' dir='ltr' id='par_1_15' title="bbox 142 2889 1684 3168">
     <span class='ocr_line' id='line_1_24' title="bbox 190 2889 1684 2988; baseline 0.001 -25"><span class='ocrx_word' id='word_1_187' title='bbox 190 2892 378 2968; x_wconf 79' lang='lat' dir='ltr'>Permlttit</span> <span class='ocrx_word' id='word_1_188' title='bbox 405 2894 589 2968; x_wconf 91' lang='lat' dir='ltr'>Dominus</span> <span class='ocrx_word' id='word_1_189' title='bbox 622 2897 799 2988; x_wconf 88' lang='lat' dir='ltr'>reprobos</span> <span class='ocrx_word' id='word_1_190' title='bbox 817 2891 987 2966; x_wconf 88' lang='lat' dir='ltr'>indurari</span> <span class='ocrx_word' id='word_1_191' title='bbox 999 2949 1020 2980; x_wconf 81' lang='grc'>,,</span> <span class='ocrx_word' id='word_1_192' title='bbox 1034 2893 1071 2964; x_wconf 89' lang='lat' dir='ltr'>et</span> <span class='ocrx_word' id='word_1_193' title='bbox 1098 2889 1232 2964; x_wconf 87' lang='lat' dir='ltr'>electos</span> <span class='ocrx_word' id='word_1_194' title='bbox 1261 2889 1394 2988; x_wconf 87' lang='lat' dir='ltr'>affligi,</span> <span class='ocrx_word' id='word_1_195' title='bbox 1420 2903 1484 2984; x_wconf 91' lang='lat' dir='ltr'>ut,</span> <span class='ocrx_word' id='word_1_196' title='bbox 1502 2913 1588 2966; x_wconf 76' lang='lat' dir='ltr'>axos.</span> <span class='ocrx_word' id='word_1_197' title='bbox 1608 2933 1635 2984; x_wconf 81' lang='lat'>9.</span> <span class='ocrx_word' id='word_1_198' title='bbox 1680 2927 1684 2934; x_wconf 93' lang='lat'><em>·</em></span> 
     </span>
     <span class='ocr_line' id='line_1_25' title="bbox 142 2983 1487 3083; baseline 0 -23"><span class='ocrx_word' id='word_1_199' title='bbox 142 2986 250 3060; x_wconf 87' lang='lat' dir='ltr'>velut</span> <span class='ocrx_word' id='word_1_200' title='bbox 283 3014 416 3080; x_wconf 89' lang='lat' dir='ltr'>supra,</span> <span class='ocrx_word' id='word_1_201' title='bbox 449 2991 576 3083; x_wconf 89' lang='lat' dir='ltr'>aliqua</span> <span class='ocrx_word' id='word_1_202' title='bbox 606 2987 830 3062; x_wconf 84' lang='lat' dir='ltr'>miraculosa</span> <span class='ocrx_word' id='word_1_203' title='bbox 859 2983 1051 3080; x_wconf 83' lang='lat' dir='ltr'>operetur,</span> <span class='ocrx_word' id='word_1_204' title='bbox 1073 2998 1111 3054; x_wconf 88' lang='lat' dir='ltr'>et</span> <span class='ocrx_word' id='word_1_205' title='bbox 1131 2985 1218 3056; x_wconf 90' lang='lat' dir='ltr'>inde</span> <span class='ocrx_word' id='word_1_206' title='bbox 1244 2997 1487 3082; x_wconf 89' lang='lat' dir='ltr'>cognoscatur</span> 
     </span>
     <span class='ocr_line' id='line_1_26' title="bbox 147 3079 594 3168; baseline 0.002 -20"><span class='ocrx_word' id='word_1_207' title='bbox 147 3079 330 3168; x_wconf 86' lang='lat' dir='ltr'>amplius,</span> <span class='ocrx_word' id='word_1_208' title='bbox 349 3091 386 3147; x_wconf 89' lang='lat' dir='ltr'>et</span> <span class='ocrx_word' id='word_1_209' title='bbox 411 3080 594 3152; x_wconf 88' lang='lat' dir='ltr'>laudetur.</span> 
     </span>
    </p>

    <p class='ocr_par' dir='ltr' id='par_1_16' title="bbox 148 3168 1646 3546">
     <span class='ocr_line' id='line_1_27' title="bbox 197 3168 1646 3263; baseline 0.001 -24"><span class='ocrx_word' id='word_1_210' title='bbox 197 3169 321 3240; x_wconf 87' lang='lat' dir='ltr'>Toties</span> <span class='ocrx_word' id='word_1_211' title='bbox 339 3171 509 3263; x_wconf 87' lang='lat' dir='ltr'>promisit</span> <span class='ocrx_word' id='word_1_212' title='bbox 519 3173 703 3242; x_wconf 89' lang='lat' dir='ltr'>Dominus</span> <span class='ocrx_word' id='word_1_213' title='bbox 722 3173 809 3242; x_wconf 86' lang='lat' dir='ltr'>filiis</span> <span class='ocrx_word' id='word_1_214' title='bbox 820 3171 932 3242; x_wconf 67' lang='lat' dir='ltr'>Israel</span> <span class='ocrx_word' id='word_1_215' title='bbox 945 3183 1083 3242; x_wconf 73' lang='lat' dir='ltr'>tenum</span> <span class='ocrx_word' id='word_1_216' title='bbox 1101 3168 1201 3238; x_wconf 90' lang='lat' dir='ltr'>illam</span> <span class='ocrx_word' id='word_1_217' title='bbox 1216 3173 1309 3240; x_wconf 86' lang='lat' dir='ltr'>lacte</span> <span class='ocrx_word' id='word_1_218' title='bbox 1325 3187 1362 3238; x_wconf 85' lang='lat' dir='ltr'>et</span> <span class='ocrx_word' id='word_1_219' title='bbox 1378 3176 1486 3240; x_wconf 73' lang='lat' dir='ltr'>tuelle</span> <span class='ocrx_word' id='word_1_220' title='bbox 1504 3189 1583 3242; x_wconf 69' lang='lat' dir='ltr'>uum.</span> <span class='ocrx_word' id='word_1_221' title='bbox 1606 3191 1646 3254; x_wconf 72' lang='lat'>14.</span> 
     </span>
     <span class='ocr_line' id='line_1_28' title="bbox 148 3259 1487 3355; baseline -0.004 -19"><span class='ocrx_word' id='word_1_222' title='bbox 148 3274 379 3350; x_wconf 84' lang='lat' dir='ltr'>manantem,</span> <span class='ocrx_word' id='word_1_223' title='bbox 394 3273 431 3332; x_wconf 85' lang='lat' dir='ltr'>et</span> <span class='ocrx_word' id='word_1_224' title='bbox 448 3275 574 3334; x_wconf 88' lang='lat' dir='ltr'>tamen</span> <span class='ocrx_word' id='word_1_225' title='bbox 595 3263 671 3334; x_wconf 93' lang='lat' dir='ltr'>duo</span> <span class='ocrx_word' id='word_1_226' title='bbox 688 3275 837 3336; x_wconf 89' lang='lat' dir='ltr'>tantum</span> <span class='ocrx_word' id='word_1_227' title='bbox 855 3263 899 3332; x_wconf 93' lang='lat' dir='ltr'>de</span> <span class='ocrx_word' id='word_1_228' title='bbox 913 3263 1009 3352; x_wconf 91' lang='lat' dir='ltr'>illis,</span> <span class='ocrx_word' id='word_1_229' title='bbox 1024 3259 1092 3355; x_wconf 89' lang='lat' dir='ltr'>qui</span> <span class='ocrx_word' id='word_1_230' title='bbox 1114 3261 1249 3354; x_wconf 84' lang='lat' dir='ltr'>viginti</span> <span class='ocrx_word' id='word_1_231' title='bbox 1278 3285 1395 3332; x_wconf 89' lang='lat' dir='ltr'>annos</span> <span class='ocrx_word' id='word_1_232' title='bbox 1418 3260 1487 3330; x_wconf 89' lang='lat' dir='ltr'>ha-</span> 
     </span>
     <span class='ocr_line' id='line_1_29' title="bbox 149 3353 1485 3451; baseline -0.007 -19"><span class='ocrx_word' id='word_1_233' title='bbox 149 3359 306 3449; x_wconf 88' lang='lat' dir='ltr'>bebant,</span> <span class='ocrx_word' id='word_1_234' title='bbox 326 3353 436 3428; x_wconf 84' lang='lat' dir='ltr'>caleb</span> <span class='ocrx_word' id='word_1_235' title='bbox 451 3368 488 3428; x_wconf 91' lang='lat' dir='ltr'>et</span> <span class='ocrx_word' id='word_1_236' title='bbox 502 3357 636 3447; x_wconf 76' lang='lat' dir='ltr'>lesus,</span> <span class='ocrx_word' id='word_1_237' title='bbox 654 3356 701 3426; x_wconf 90' lang='lat' dir='ltr'>ad</span> <span class='ocrx_word' id='word_1_238' title='bbox 717 3357 820 3429; x_wconf 88' lang='lat' dir='ltr'>illam</span> <span class='ocrx_word' id='word_1_239' title='bbox 841 3364 1093 3451; x_wconf 79' lang='lat' dir='ltr'>pervenenuit</span> <span class='ocrx_word' id='word_1_240' title='bbox 1100 3353 1261 3449; x_wconf 71' lang='lat' dir='ltr'>,reliqui</span> <span class='ocrx_word' id='word_1_241' title='bbox 1271 3379 1363 3427; x_wconf 88' lang='lat' dir='ltr'>vero</span> <span class='ocrx_word' id='word_1_242' title='bbox 1388 3379 1485 3444; x_wconf 92' lang='lat' dir='ltr'>non,</span> 
     </span>
     <span class='ocr_line' id='line_1_30' title="bbox 151 3449 726 3546; baseline -0.01 -21"><span class='ocrx_word' id='word_1_243' title='bbox 151 3453 215 3526; x_wconf 88' lang='lat' dir='ltr'>sed</span> <span class='ocrx_word' id='word_1_244' title='bbox 237 3465 386 3524; x_wconf 90' lang='lat' dir='ltr'>tantum</span> <span class='ocrx_word' id='word_1_245' title='bbox 411 3449 560 3546; x_wconf 84' lang='lat' dir='ltr'>parvuli</span> <span class='ocrx_word' id='word_1_246' title='bbox 586 3473 726 3521; x_wconf 89' lang='lat' dir='ltr'>eorum.</span> 
     </span>
    </p>

    <p class='ocr_par' dir='ltr' id='par_1_17' title="bbox 150 3536 1653 3845">
     <span class='ocr_line' id='line_1_31' title="bbox 200 3536 1653 3642; baseline -0.008 -24"><span class='ocrx_word' id='word_1_247' title='bbox 200 3551 365 3642; x_wconf 88' lang='lat' dir='ltr'>Moyses,</span> <span class='ocrx_word' id='word_1_248' title='bbox 383 3546 450 3640; x_wconf 89' lang='lat' dir='ltr'>qni</span> <span class='ocrx_word' id='word_1_249' title='bbox 470 3543 581 3616; x_wconf 90' lang='lat' dir='ltr'>toties</span> <span class='ocrx_word' id='word_1_250' title='bbox 598 3541 777 3640; x_wconf 87' lang='lat' dir='ltr'>populum</span> <span class='ocrx_word' id='word_1_251' title='bbox 792 3553 1002 3634; x_wconf 88' lang='lat' dir='ltr'>peccantem</span> <span class='ocrx_word' id='word_1_252' title='bbox 1022 3536 1275 3610; x_wconf 76' lang='lat' dir='ltr'>reconciliavit</span> <span class='ocrx_word' id='word_1_253' title='bbox 1290 3539 1385 3627; x_wconf 88' lang='lat' dir='ltr'>Deo,</span> <span class='ocrx_word' id='word_1_254' title='bbox 1402 3563 1487 3634; x_wconf 86' lang='lat' dir='ltr'>pec·</span> <span class='ocrx_word' id='word_1_255' title='bbox 1506 3551 1584 3602; x_wconf 79' lang='lat' dir='ltr'>num.</span> <span class='ocrx_word' id='word_1_256' title='bbox 1599 3569 1653 3640; x_wconf 46' lang='grc' dir='ltr'>ρο.</span> 
     </span>
     <span class='ocr_line' id='line_1_32' title="bbox 150 3630 1488 3734; baseline -0.008 -19"><span class='ocrx_word' id='word_1_257' title='bbox 150 3641 253 3715; x_wconf 85' lang='lat' dir='ltr'>cavit</span> <span class='ocrx_word' id='word_1_258' title='bbox 269 3638 381 3711; x_wconf 89' lang='lat' dir='ltr'>semel</span> <span class='ocrx_word' id='word_1_259' title='bbox 396 3639 443 3711; x_wconf 89' lang='lat' dir='ltr'>ad</span> <span class='ocrx_word' id='word_1_260' title='bbox 459 3645 575 3734; x_wconf 78' lang='lat' dir='ltr'>aquas</span> <span class='ocrx_word' id='word_1_261' title='bbox 592 3635 912 3730; x_wconf 88' lang='lat' dir='ltr'>contradictionis,</span> <span class='ocrx_word' id='word_1_262' title='bbox 927 3645 964 3707; x_wconf 90' lang='lat' dir='ltr'>et</span> <span class='ocrx_word' id='word_1_263' title='bbox 980 3657 1058 3706; x_wconf 89' lang='lat' dir='ltr'>non</span> <span class='ocrx_word' id='word_1_264' title='bbox 1076 3630 1238 3708; x_wconf 82' lang='lat' dir='ltr'>obtinuit</span> <span class='ocrx_word' id='word_1_265' title='bbox 1253 3656 1321 3728; x_wconf 91' lang='lat' dir='ltr'>pro</span> <span class='ocrx_word' id='word_1_266' title='bbox 1336 3656 1374 3704; x_wconf 89' lang='lat' dir='ltr'>se</span> <span class='ocrx_word' id='word_1_267' title='bbox 1389 3635 1488 3726; x_wconf 88' lang='lat' dir='ltr'>ipso,</span> 
     </span>
     <span class='ocr_line' id='line_1_33' title="bbox 150 3729 822 3845; baseline -0.018 -33"><span class='ocrx_word' id='word_1_268' title='bbox 150 3751 197 3812; x_wconf 90' lang='lat' dir='ltr'>ut</span> <span class='ocrx_word' id='word_1_269' title='bbox 218 3736 376 3808; x_wconf 86' lang='lat' dir='ltr'>intraret</span> <span class='ocrx_word' id='word_1_270' title='bbox 398 3744 536 3808; x_wconf 89' lang='lat' dir='ltr'>terram</span> <span class='ocrx_word' id='word_1_271' title='bbox 556 3729 822 3845; x_wconf 87' lang='lat' dir='ltr'>promissionis.</span> 
     </span>
    </p>

    <p class='ocr_par' dir='ltr' id='par_1_18' title="bbox 154 3827 1629 4210">
     <span class='ocr_line' id='line_1_34' title="bbox 201 3827 1629 3928; baseline -0.011 -26"><span class='ocrx_word' id='word_1_272' title='bbox 201 3831 282 3902; x_wconf 90' lang='lat' dir='ltr'>Hoc</span> <span class='ocrx_word' id='word_1_273' title='bbox 295 3829 506 3928; x_wconf 86' lang='lat' dir='ltr'>ipso,.quod</span> <span class='ocrx_word' id='word_1_274' title='bbox 521 3829 589 3902; x_wconf 88' lang='lat' dir='ltr'>fihi</span> <span class='ocrx_word' id='word_1_275' title='bbox 601 3827 714 3902; x_wconf 75' lang='lat' dir='ltr'>lsrael</span> <span class='ocrx_word' id='word_1_276' title='bbox 730 3833 1039 3922; x_wconf 83' lang='lat' dir='ltr'>propterpeccata</span> <span class='ocrx_word' id='word_1_277' title='bbox 1051 3831 1378 3916; x_wconf 87' lang='lat' dir='ltr'>supermanserunt</span> <span class='ocrx_word' id='word_1_278' title='bbox 1393 3845 1487 3917; x_wconf 87' lang='lat' dir='ltr'>qua·</span> <span class='ocrx_word' id='word_1_279' title='bbox 1504 3835 1580 3884; x_wconf 72' lang='lat' dir='ltr'>sonu·</span> <span class='ocrx_word' id='word_1_280' title='bbox 1604 3850 1629 3886; x_wconf 66' lang='grc' dir='ltr'>α.</span> 
     </span>
     <span class='ocr_line' id='line_1_35' title="bbox 154 3915 1493 4023; baseline -0.009 -23"><span class='ocrx_word' id='word_1_281' title='bbox 154 3924 326 4020; x_wconf 85' lang='lat' dir='ltr'>draginta</span> <span class='ocrx_word' id='word_1_282' title='bbox 338 3927 446 3999; x_wconf 86' lang='lat' dir='ltr'>annis</span> <span class='ocrx_word' id='word_1_283' title='bbox 463 3927 505 3998; x_wconf 92' lang='lat' dir='ltr'>in</span> <span class='ocrx_word' id='word_1_284' title='bbox 523 3921 903 4018; x_wconf 85' lang='lat' dir='ltr'>desertoetamplius,</span> <span class='ocrx_word' id='word_1_285' title='bbox 930 3915 1185 4014; x_wconf 85' lang='lat' dir='ltr'>magnificatus</span> <span class='ocrx_word' id='word_1_286' title='bbox 1207 3928 1262 4023; x_wconf 79' lang='lat' dir='ltr'>est</span> <span class='ocrx_word' id='word_1_287' title='bbox 1283 3915 1399 4008; x_wconf 91' lang='lat' dir='ltr'>Deus,</span> <span class='ocrx_word' id='word_1_288' title='bbox 1419 3918 1493 4010; x_wconf 90' lang='lat' dir='ltr'>qui.</span> 
     </span>
     <span class='ocr_line' id='line_1_36' title="bbox 156 4013 1486 4116; baseline -0.008 -22"><span class='ocrx_word' id='word_1_289' title='bbox 156 4045 220 4094; x_wconf 88' lang='lat' dir='ltr'>eos</span> <span class='ocrx_word' id='word_1_290' title='bbox 237 4017 380 4091; x_wconf 85' lang='lat' dir='ltr'>tamdiu</span> <span class='ocrx_word' id='word_1_291' title='bbox 396 4019 518 4116; x_wconf 83' lang='lat' dir='ltr'>pavit,</span> <span class='ocrx_word' id='word_1_292' title='bbox 534 4033 711 4096; x_wconf 89' lang='lat' dir='ltr'>eteorum</span> <span class='ocrx_word' id='word_1_293' title='bbox 727 4015 951 4093; x_wconf 83' lang='lat' dir='ltr'>vestimenta</span> <span class='ocrx_word' id='word_1_294' title='bbox 970 4038 992 4084; x_wconf 90' lang='lat' dir='ltr'>a</span> <span class='ocrx_word' id='word_1_295' title='bbox 1008 4020 1288 4105; x_wconf 85' lang='lat' dir='ltr'>consumptrone</span> <span class='ocrx_word' id='word_1_296' title='bbox 1304 4013 1486 4103; x_wconf 86' lang='lat' dir='ltr'>servavit,</span> 
     </span>
     <span class='ocr_line' id='line_1_37' title="bbox 156 4101 1411 4210; baseline -0.007 -24"><span class='ocrx_word' id='word_1_297' title='bbox 156 4127 195 4188; x_wconf 91' lang='lat' dir='ltr'>et</span> <span class='ocrx_word' id='word_1_298' title='bbox 212 4111 362 4184; x_wconf 85' lang='lat' dir='ltr'>tandem</span> <span class='ocrx_word' id='word_1_299' title='bbox 384 4139 446 4189; x_wconf 89' lang='lat' dir='ltr'>eos</span> <span class='ocrx_word' id='word_1_300' title='bbox 462 4117 505 4188; x_wconf 90' lang='lat' dir='ltr'>in</span> <span class='ocrx_word' id='word_1_301' title='bbox 521 4127 657 4189; x_wconf 84' lang='lat' dir='ltr'>terram</span> <span class='ocrx_word' id='word_1_302' title='bbox 677 4109 931 4210; x_wconf 85' lang='lat' dir='ltr'>promissionis</span> <span class='ocrx_word' id='word_1_303' title='bbox 949 4106 1166 4182; x_wconf 87' lang='lat' dir='ltr'>mirabiliter</span> <span class='ocrx_word' id='word_1_304' title='bbox 1188 4101 1411 4177; x_wconf 85' lang='lat' dir='ltr'>introduxit.</span> 
     </span>
    </p>
   </div>
   <div class='ocr_carea' id='block_1_7' title="bbox 204 4198 1629 4314">
    <p class='ocr_par' dir='ltr' id='par_1_19' title="bbox 204 4198 1629 4314">
     <span class='ocr_line' id='line_1_38' title="bbox 204 4198 1629 4314; baseline -0.008 -31"><span class='ocrx_word' id='word_1_305' title='bbox 204 4207 259 4283; x_wconf 91' lang='lat' dir='ltr'>De</span> <span class='ocrx_word' id='word_1_306' title='bbox 286 4207 477 4308; x_wconf 86' lang='lat' dir='ltr'>gentibus,</span> <span class='ocrx_word' id='word_1_307' title='bbox 504 4211 572 4314; x_wconf 82' lang='lat' dir='ltr'>qui</span> <span class='ocrx_word' id='word_1_308' title='bbox 593 4208 812 4284; x_wconf 83' lang='lat' dir='ltr'>habitabant</span> <span class='ocrx_word' id='word_1_309' title='bbox 832 4206 875 4284; x_wconf 90' lang='lat' dir='ltr'>in</span> <span class='ocrx_word' id='word_1_310' title='bbox 899 4217 998 4304; x_wconf 78' lang='lat' dir='ltr'>terra</span> <span class='ocrx_word' id='word_1_311' title='bbox 1022 4198 1298 4300; x_wconf 69' lang='lat' dir='ltr'>promissionis,</span> <span class='ocrx_word' id='word_1_312' title='bbox 1320 4199 1458 4276; x_wconf 85' lang='lat' dir='ltr'>dicitur</span> <span class='ocrx_word' id='word_1_313' title='bbox 1476 4226 1484 4272; x_wconf 73' lang='grc' dir='ltr'>ε</span> <span class='ocrx_word' id='word_1_314' title='bbox 1503 4221 1580 4274; x_wconf 68' lang='lat' dir='ltr'>seru.</span> <span class='ocrx_word' id='word_1_315' title='bbox 1593 4238 1629 4276; x_wconf 65' lang='grc' dir='ltr'>ιι..</span> 
     </span>
    </p>
   </div>
   <div class='ocr_carea' id='block_1_8' title="bbox 0 0 2292 5462">
    <p class='ocr_par' dir='ltr' id='par_1_20' title="bbox 0 0 2292 5462">
     <span class='ocr_line' id='line_1_39' title="bbox 0 0 2292 5462; baseline 0 0"><span class='ocrx_word' id='word_1_316' title='bbox 0 0 2292 5462; x_wconf 95' lang='lat' dir='ltr'> </span> 
     </span>
    </p>
   </div>
  </div>
 </body>
</html>
