4464 5464
677 387 757 445 aaa
1018 346 1284 446 munus
1305 343 1479 482 ‘cxlx
1521 351 1692 444 Oratio.

478 598 571 674 iaus
588 624 614 678 7.
650 659 653 664 ,
724 581 955 681 Lapidabant
969 585 1200 685 Stephanum
1218 587 1241 660 J
1242 587 1356 684 udaei,
1370 583 1611 662 invocantem
1625 595 1664 657 et
1681 581 1868 662 dicentem
1886 614 1894 660 :
1912 567 2046 668 Domi·

676 705 728 756 ne
748 681 770 752 J
772 693 858 776 esu,
878 683 1003 784 accipe
1022 686 1198 782 spiritum
1214 709 1352 758 meum.
1371 681 1652 780 Positisautem
1670 680 1842 779 genibus,
1860 685 2047 767 clamavit

676 799 770 854 voce
791 801 941 874 magna,
964 781 1090 855 dicens
1110 807 1118 854 :
1138 781 1297 856 Domine
1318 806 1368 854 ne
1390 790 1532 853 statues
1550 773 1625 851 illis
1647 775 1716 852 hoc
1735 791 1941 876 peccatum.

480 906 572 961 Actor.
591 904 616 958 ο,
725 873 858 948 Petrus
875 881 912 950 el
930 877 1093 952 loannes
1110 887 1314 954 oraverunt
1331 901 1400 976 pro
1413 873 1488 950 illis
1504 873 1550 947 de
1566 873 1741 966 Samaria,
1760 885 1805 948 ut
1822 879 2038 976 acciperent

677 969 857 1082 Spiritum
873 985 1057 1048 sanetum.
1077 975 1185 1050 Tunc
1207 973 1451 1072 imponebant
1467 993 1603 1044 manus
1626 979 1739 1070 super
1757 969 1853 1070 illos,
1875 986 1913 1050 et
1932 980 2033 1053 acci-

676 1061 828 1164 piebant
855 1069 1035 1166 Spiritum
1062 1083 1245 1144 sanctum.
1424 1073 1431 1102 ³

479 1181 572 1242 actor.
594 1201 621 1252 ς.
726 1160 859 1250 Saulus
875 1165 919 1239 ad
937 1177 1076 1240 terram
1093 1176 1300 1263 prostratus
1312 1175 1350 1239 et
1362 1161 1560 1238 salubriter
1570 1173 1941 1261 excoecatus,postea
1951 1193 2044 1246 sur·

678 1259 789 1334 rexit.
808 1261 913 1336 Et'in
931 1261 1156 1338 Damascum
1169 1263 1326 1340 ueniens
1338 1315 1350 1357 ,
1360 1280 1466 1336 orare
1481 1257 1610 1358 coepit,
1626 1271 1667 1342 et,
1677 1257 1754 1336 iuit
1764 1259 1896 1358 'tribus
1909 1261 2049 1343 dicbus

537 1366 540 1372 '
599 1363 603 1373 '
678 1379 757 1430 non
778 1357 1021 1432 manducans.
1118 1371 1122 1378 '

481 1482 574 1538 Actor.
598 1498 637 1535 ¹0,
729 1451 924 1551 Cornelius
937 1453 1116 1530 Centurio
1128 1466 1207 1536 erat
1221 1449 1485 1554 virreligiosus
1500 1461 1537 1524 et
1549 1450 1687 1526 timens
1700 1447 1822 1525 Deum
1839 1475 1926 1529 cum
1939 1463 2043 1534 omni

541 1549 551 1568 ⁸
678 1545 791 1620 domo
818 1573 904 1644 sua,
928 1549 1069 1624 faciens
1096 1549 1352 1650 eleemosynas
1378 1545 1516 1628 multas
1539 1557 1576 1620 et
1604 1545 1807 1643 deprecans
1836 1549 2043 1630 Dominum

590 1735 592 1742 Ι
680 1668 834 1738 semper.
851 1647 900 1720 Et
944 1672 985 1719 er
998 1645 1071 1718 hoc
1087 1643 1270 1742 disposuit
1285 1669 1324 1719 se
1341 1644 1388 1718 ad
1405 1642 1530 1717 iidem.
1549 1642 1662 1738 Unde
1677 1643 1851 1740 sequitur
1868 1672 1876 1716 ε
1893 1649 2038 1722 oratio-

489 1807 493 1816 .
678 1673 1140 1840 nestuaeeteiiemosynae
1153 1741 1452 1816 ascenderuntiu
1465 1740 1683 1812 memoriam
1692 1740 1736 1814 in
1747 1761 1818 1813 con
1865 1756 1949 1819 ectu
1957 1745 2044 1822 Dei.

481 1847 574 1903 Actor.
596 1862 637 1902 u·
727 1834 862 1914 Petrus
879 1837 1164 1914 'servabatur-in
1185 1853 1330 1928 carcere
1348 1835 1521 1928 Herodis3
1537 1835 1666 1910 orario
1687 1847 1813 1911 autern
1861 1840 1947 1915 ebat
1962 1845 2047 1918 sinc

680 1930 957 2008 intermissione
978 1934 1026 2006 ab
1047 1931 1212 2006 Ecclesia
1234 1932 1281 2007 ad
1302 1931 1425 2006 Deum
1449 1955 1518 2030 pro
1539 1955 1592 2003 eo.
1692 1933 1696 1948 '
1717 2016 1720 2022 ¹

484 2026 575 2078 ΛΜ·
599 2025 664 2076 ¹³·'
731 2027 828 2104 Cum
853 2030 1013 2104 dixisset
1040 2028 1199 2125 Spiritus
1227 2029 1378 2103 sanctus
1402 2052 1410 2098 :
1434 2029 1625 2124 segregate
1651 2021 1748 2102 mihi
1773 2025 1982 2108 barnabam
2005 2047 2047 2112 et

482 2103 510 2148 ‘⁸
530 2100 648 2189 “qimi
680 2123 841 2202 Paulum
858 2125 905 2201 ad
921 2149 1031 2224 opus,
1047 2123 1095 2197 ad
1110 2123 1212 2222 quod
1231 2123 1415 2222 assumpsi
1431 2150 1512 2215 eos,
1529 2123 1725 2220 sequitur:
1742 2123 1855 2210 Tunc,
1865 2130 2049 2226 je'unan-

681 2231 736 2294 tes
759 2233 797 2295 et
826 2233 994 2315 orantes,
1021 2221 1150 2318 eisque
1177 2246 1311 2296 manus
1341 2221 1593 2320 imponentes,
1620 2217 1845 2308 dimiserunt
1876 2225 1884 2242 '
1914 2251 1965 2300 os.
1991 2231 2046 2303 Et

457 2401 461 2410 ¹
678 2321 881 2418 pcqrulur:
903 2315 1089 2393 Fecenmt
1109 2315 1317 2394 mirabilem
1344 2315 1523 2392 fluctum.
1614 2318 1624 2418 ἰ
1926 2375 1930 2378 -

483 2428 574 2482 Actor·
595 2445 635 2481 ιο.
730 2417 907 2492 Ascendit
921 2415 1055 2490 Petrus
1069 2413 1111 2488 in
1126 2416 1318 2512 superiora
1332 2412 1481 2506 domis,
1500 2421 1545 2486 ut
1558 2419 1682 2486 oraret
1695 2413 1794 2488 circa
1805 2413 1935 2491 horam
1952 2441 2045 2496 sex·

680 2503 2043 2610 tam,utsicposset'orarcdevotius,ifamiliairifcriusexistenteremotus.

483 2632 576 2686 Aeros
598 2629 640 2683 rs.
718 2602 828 2678 'Cum
849 2611 922 2682 iret
942 2605 1083 2679 Paulus
1094 2605 1141 2678 a'd
1160 2607 1387 2700 orauonem,
1397 2603 1567 2681 obviavit
1586 2603 1738 2716 puellae,
1753 2631 1844 2718 quaa
1862 2611 2039 2704 spiritum

660 2799 665 2808 .
679 2699 894 2872 fel'sfflffleln
908 2700 1086 2814 Ῑξῇὗθῦθῐ,
1097 2727 1210 2839 quem
1222 2701 1362 2780 Paulus
1373 2701 1539 2815 expulit,
1548 2703 1761 2818 proecrpiens
1777 2727 1863 2776 erm
1877 2706 2035 2778 numine

483 2913 574 2968 mur.
594 2925 637 2963 ιο.
730 2883 1067 2991 RecedensPaulus
1086 2914 1110 2961 a
1123 2889 1303 2965 fratribus
1320 2890 1371 2964 de'
1383 2889 1539 2992 Achajc,
1563 2985 1564 2990 Ἰ
1616 2905 1770 2992 tpaucos
1786 2907 1973 2966 sermones
1989 2903 2043 2968 eb·

491 3031 495 3038 ·
535 2993 553 3032 ·¹
656 2995 659 3003 “
681 2987 743 3084 pia
757 2986 894 3081 verba,
909 2983 1040 3085 positis
1057 2988 1231 3084 genibus,
1248 3009 1336 3062 cmn
1353 2989 1529 3070 omuibus
1547 2993 1553 3008 '
1571 2993 1618 3066 lis'
1636 2989 1764 3065 cmvii.
1782 2989 1943 3085 magnus
1965 3014 2037 3064 au-

680 3093 757 3157 tem
778 3079 890 3158 fletus
911 3083 1033 3158 factus
1055 3088 1112 3158 est
1137 3083 1319 3159 omnium.
1628 3095 1632 3105 ’
1800 3099 1808 3112 ”
1971 3089 1977 3096 “

482 3198 574 3254 actor.
593 3213 636 3252 22.
657 3181 661 3194 '
730 3180 826 3254 Cum
842 3182 983 3255 orasset
992 3180 1192 3278 intemplo
1200 3179 1356 3278 Paulus,
1369 3181 1492 3258 iactus
1503 3194 1560 3258 est
1575 3182 1618 3257 in
1629 3194 1820 3281 stuporem
1835 3180 1989 3274 mentis,
2000 3193 2039 3256 ec

470 3295 475 3306 ·
558 3307 564 3369 ;
678 3273 1006 3447 piditalllominum
1026 3275 1183 3373 iesum,¹
1201 3277 1387 3352 dicentem
1410 3303 1424 3356 z,
1441 3279 1592 3356 Festina
1618 3293 1656 3355 et
1687 3279 1757 3354 exi
1785 3275 1959 3364 velociter
1987 3275 2040 3350 de

702 3399 788 3448 erus
825 3399 895 3448 em.
911 3400 917 3428 ²
1195 3409 1198 3416 ¹
1303 3405 1305 3409 ·
1488 3426 1491 3434 ι
1667 3425 1670 3432 ·

482 3481 573 3537 near.
595 3482 638 3536 as.
726 3469 835 3545 Patre
853 3467 980 3544 Publii
992 3468 1161 3546 febribus
1173 3482 1210 3544 et
1223 3467 1440 3570 dysenteria
1451 3470 1663 3574 laborante,
1681 3495 1770 3546 cum
1784 3467 1925 3546 crisset
1937 3469 2040 3546 Pau·

532 3565 581 3600 ‘²'
648 3566 738 3642 lus
760 3568 869 3642 etim
922 3565 1057 3642 suisset
1081 3567 1117 3641 ei
1141 3571 1296 3657 manus,
1323 3570 1471 3644 sanavit
1492 3575 1604 3642 eum*

483 3692 507 3726 ι.
525 3675 615 3728 rues.
633 3675 660 3731 5.
726 3665 866 3760 Aposto
879 3689 925 3736 us
951 3662 1091 3737 Paulus
1120 3661 1305 3762 orandum
1328 3689 1408 3738 esse
1433 3665 1514 3738 sine
1541 3663 1819 3741 intermissione
1843 3661 2039 3758 monebat,

409 3787 417 3808 ·
479 3745 556 3796 Μ·
580 3761 607 3800 ²·
678 3755 754 3856 boc
771 3761 972 3862 ipsumque
990 3757 1170 3858 sollicitus
1188 3758 1347 3854 faciebat
1368 3761 1471 3834 Rom.
1502 3786 1532 3834 1.
1553 3763 1639 3836 Sine
1660 3757 1939 3846 intermissione
1960 3781 2042 3831 me·

678 3851 837 3926 moriam
857 3849 955 3926 facio
974 3856 1094 3930 vestri
1119 3857 1265 3954 semper
1284 3856 1326 3928 iu
1348 3855 1579 3934 orationibus
1601 3858 1706 3933 meis.
1762 3875 1764 3882 ’

481 3965 559 4018 nom.
583 3962 611 4015 s.
729 3945 832 4026 adeo
846 3947 984 4044 grande
999 3961 1037 4023 et
1052 3950 1212 4026 arduum
1223 3959 1324 4050 upus'
1333 3963 1398 4026 est.
1412 3977 1534 4048 orme,
1543 3953 1653 4054 quod
1664 3949 1914 4054 ipsePaulbe
1927 3945 1981 4031 a‘d‘
1997 3947 2044 4024 id

408 4116 416 4130 ,
679 4041 865 4142 agendum
885 4041 1031 4116 dicebat
1057 4071 1097 4119 se
1119 4045 1362 4122 sufficientem
1384 4072 1463 4123 non
1490 4075 1577 4125 esse

479 4183 503 4222 a.
522 4167 603 4223 rsus
633 4166 659 4220 3,
674 4159 688 4222 ,⁴
727 4137 839 4229 Quod
857 4163 1025 4234 oremus,
1044 4141 1141 4216 sicut
1155 4155 1319 4240 oportet,
1334 4146 1522 4221 nescimus
1540 4171 1549 4218 t
1568 4172 1637 4246 pro
1758 4143 1834 4220 uod
1850 4143 1936 4243 ipse.
1948 4163 2033 4214 ora-

674 4234 979 4430 {miiitum
999 4236 1217 4340 frequenter
1238 4253 1275 4320 et
1289 4239 1486 4324 humliter
1505 4157 1727 4346 flagitabiirz
1773 4253 1911 4340 raues,
1928 4245 2039 4328 crate
