4310 5472
402 333 664 427 TITULUS
695 336 887 426 LXVIII.
934 337 1196 425 Idololatria.
1336 407 1342 414 .
1391 273 1466 425 rai

13 450 18 466 '
129 457 1466 506 μ--ῄ--ᾷ-ὴ-

159 570 385 660 Anuganter
403 566 517 638 nimis
543 563 641 638 dixit
667 563 850 638 Salvatori
872 565 1041 638 Pilatus:
1061 561 1212 654 Nescis,
1237 563 1326 658 quia
1346 571 1471 656 potes·
1489 585 1565 636 toan.
1590 597 1635 650 πῃ.

111 672 227 736 tatem
249 659 368 738 habeo
394 661 608 756 crucifigere
629 672 688 752 te,
710 672 747 732 et
762 673 995 757 potestatem.
1011 659 1133 732 habeo
1154 660 1341 734 dimittere
1367 653 1434 727 te?

450 852 592 938 TIT
610 853 653 938 U
674 854 711 936 L
730 855 825 959 [ἥδ
883 855 1136 942 LXVIII.

663 969 919 1110 idololatria

109 1177 281 1306 Vident
304 1230 487 1327 populus,
514 1229 615 1324 quod
636 1253 779 1302 moram
810 1227 946 1300 faceret
979 1229 1227 1302 descendendi
1259 1229 1305 1300 de
1344 1237 1472 1298 monte
1491 1245 1575 1299 mod.
1594 1219 1639 1297 η’,

94 1331 285 1424 Moyses,
306 1337 547 1422 congregatus
573 1327 695 1396 omnis
717 1322 878 1420 populus
899 1321 1079 1399 adversus
1101 1327 1226 1396 Aaron
1253 1323 1378 1395 dixit:
1400 1320 1428 1389 F
1430 1344 1473 1391 ao

112 1422 221 1492 n'obis
248 1420 353 1510 deos,
373 1423 439 1514 qui
461 1445 530 1492 nos
548 1419 768 1514 praecedant.

159 1515 378 1587 Fornicatus
395 1527 450 1588 est
497 1514 633 1608 opulus
654 1514 818 1585 filiorum
835 1513 949 1586 Israel
967 1537 1053 1586 curn
1071 1513 1219 1584 filiabus
1239 1511 1365 1600 Moab,
1386 1533 1471 1604 quae
1493 1533 1572 1586 Num.
1596 1528 1641 1582 25.

109 1619 343 1682 vocaverunt
365 1633 427 1681 eos
450 1541 496 1682 ab
520 1608 699 1681 sacrificia
720 1633 798 1680 sua.
822 1608 942 1680 Atilii
961 1607 1263 1699 commederunt,
1280 1618 1316 1678 et
1341 1603 1473 1676 adora-

109 1715 250 1778 verunt
276 1703 364 1776 deos
386 1731 527 1778 eorum.

158 1803 308 1870 Mortuo
323 1799 435 1872 Josue
451 1801 529 1876 filio
545 1799 650 1890 Nun,
667 1798 737 1871 filii
752 1797 868 1871 Israel
882 1797 1053 1870 fecerunt
1065 1798 1206 1870 malum
1218 1798 1259 1869 in
1272 1807 1473 1890 conspectu
1492 1814 1579 1868 tudio.
1602 1827 1629 1863 α,

109 1889 279 1982 Domini,
294 1904 331 1964 et
354 1896 566 1968 servierunt
586 1895 729 1966 Baalim
755 1905 792 1964 et
813 1893 1014 1985 Astaroth,
1035 1917 1078 1964 ac
1101 1893 1327 1966 dimiserunt
1343 1892 1474 1964 Domi-

110 2009 206 2056 num
227 1986 350 2059 Deum
377 2003 528 2082 patrum
564 2013 729 2060 suorum.
1641 2031 1648 2042 ·

143 2079 380 2152 'Fornicatus
399 2095 455 2154 est
469 2082 583 2154 Isra‘el
599 2082 640 2153 in
657 2080 809 2189 Ephod,
820 2079 922 2176 quod
936 2080 1075 2152 fecerat
1090 2079 1253 2151 Gedeon.
1264 2082 1313 2150 Et
1332 2078 1474 2157 factum
1493 2099 1586 2151 tunic..
1599 2098 1626 2147 a.

116 2182 173 2240 est
195 2169 361 2241 Gedeoni
384 2187 422 2244 et
443 2177 548 2244 omni
574 2175 703 2245 domur
730 2179 812 2267 ejus
840 2175 882 2246 in
912 2177 1074 2250 ruinani.

166 2261 262 2334 Cum
287 2265 364 2358 jam
388 2289 506 2336 senex
531 2265 839 2352 esset'Salomon,
867 2265 913 2334 tle
937 2281 1113 2337 ravatum
1142 2279 1197 2338 est
1219 2291 1282 2338 cor
1307 2271 1389 2358 ejus
1411 2293 1477 2361 per
1496 2286 1597 2350 anag.
1622 2299 1665 2332 n.

113 2357 310 2448 mulieres,
325 2371 369 2430 ut
381 2369 602 2454 sequeretur
611 2355 699 2428 deos
712 2356 851 2427 alienos
875 2380 882 2422 :
944 2379 986 2426 ec
997 2368 1076 2427 erat
1087 2357 1293 2450 perfectum
1306 2382 1369 2427 cor
1383 2366 1476 2450 ejus.

164 2449 332 2546 Cogitato
347 2453 522 2542 consilio,
539 2449 735 2522 Jeroboam
753 2449 842 2522 fecit
858 2447 952 2522 duos
972 2450 1115 2524 vitulos
1138 2475 1289 2542 aureos,
1305 2462 1342 2522 et
1357 2450 1476 2522 dixit:
1497 2467 1523 2517 3.
1546 2467 1608 2534 neg.
1638 2478 1679 2514 n.

114 2549 211 2620 Ecce
228 2545 281 2618 dii
299 2549 357 2620 tui
379 2545 510 2636 Isro'el,
554 2547 596 2617 ui
620 2543 837 2616 eduxerunt
861 2556 898 2614 te
919 2544 965 2616 de
986 2555 1087 2615 terra
1118 2549 1279 2640 AEgypti.

163 2639 249 2714 Non
271 2639 416 2714 suffeoit
434 2572 564 2714 Achab
581 2641 659 2734 regi
681 2637 814 2729 Israel,
836 2649 879 2710 ut
901 2637 1110 2711 ambularet
1132 2643 1173 2712 in
1191 2641 1349 2733 peccatis
1373 2641 1478 2714 Jero-
1498 2653 1523 2703 3·
1545 2648 1608 2718 Res·
1634 2650 1681 2701 16·

115 2737 240 2816 boam.
261 2735 324 2808 sed
344 2738 500 2832 insuper
522 2736 680 2810 servivit
699 2732 866 2826 Baal,et
892 2731 1065 2806 adoravit
1095 2759 1193 2806 eurn.

165 2830 458 2906 AEdificaverunt
476 2834 551 2904 viri
569 2829 616 2901 de
635 2829 658 2900 J
659 2827 733 2902 uda
749 2853 849 2920 aras,
862 2839 1022 2919 statuas,
1034 2840 1071 2899 et
1086 2829 1190 2902 lucos
1208 2855 1319 2925 super
1330 2855 1480 2904 omnem
1498 2836 1524 2902 l·
1549 2837 1612 2902 neg.
1637 2833 1682 2900 ¹4·
1738 2836 1751 2890 Γ
1769 2817 1773 2824 ’
1816 2825 1822 2834 ’

116 2925 248 2999 collem
272 2927 487 3020 excelsum,
516 2941 553 3000 et
587 2925 721 2998 subtus
753 2947 903 2996 omnem
920 2925 1093 2996 arborem
1114 2925 1341 2998 frondosam.

166 3021 291 3091 thaz
309 3047 380 3093 rex
394 3021 493 3094 Juda
514 3019 722 3092 ambulavit
740 3019 781 3088 in
794 3019 857 3092 via
873 3043 1004 3113 regum
1023 3018 1121 3091 Iuda
1134 3019 1309 3094 etIsrael.
1321 3021 1485 3118 Insuper.
1498 3019 1524 3088 4-
1551 3022 1616 3087 aeg.
1639 3017 1685 3069 ¹⁶-

119 3124 157 3182 et
177 3111 299 3180 filium
324 3116 577 3202 consecravit,
599 3110 830 3182 transferens
852 3137 918 3205 per
940 3115 1076 3205 ignem.
1112 3133 1118 3146 ·

170 3202 375 3275 Translatis
387 3203 474 3276 filiis
485 3205 599 3276 Israel
614 3205 656 3274 in
673 3205 867 3300 Assyrios,
878 3204 1064 3275 collocatas
1077 3219 1166 3278 sunt
1178 3208 1337 3279 diversae
1354 3223 1480 3299 gentes
1498 3206 1525 3272 l·
1543 3207 1606 3272 neg.
1635 3219 1685 3270 ²1·

121 3300 164 3374 in
177 3296 393 3372 civitatibus
413 3298 602 3386 Samariae,
618 3307 655 3367 et
673 3321 911 3392 unaquaeque
930 3296 1019 3369 feeit
1037 3299 1157 3370 Deum
1182 3325 1304 3370 suurn.
1328 3302 1481 3371 Etcum

123 3393 330 3468 Dominum
349 3388 534 3480 colerent,
551 3388 623 3461 diis
641 3415 792 3484 quoque
811 3393 889 3462 suis
908 3391 1138 3482 serviebant,
1152 3392 1264 3485 juxta
1281 3403 1482 3462 eonsuetu-

123 3489 252 3560 dinem
285 3481 464 3580 gentium.
1654 3554 1657 3567 ,

174 3577 365 3652 Confusus
382 3590 419 3648 et
432 3577 669 3670 vituperatus
684 3573 935 3646 Sennacherib
950 3600 1021 3648 rex
1033 3577 1291 3670 Assyriorum,
1309 3599 1482 3648 reversus
1501 3589 1617 3644 uitem.

126 3673 250 3749 estin
278 3671 443 3748 Niniven
469 3671 516 3742 ab
546 3669 827 3764 impugnatione
852 3669 1023 3742 Ezecbiae
1052 3671 1150 3762 regis
1177 3667 1284 3738 Iuda.
1313 3669 1406 3740 Cum
1434 3695 1483 3742 ue

127 3779 249 3842 oraret
267 3766 462 3861 intemplo
478 3763 644 3836 Nesroch
662 3765 784 3836 Deum
805 3760 1191 3858 suum‚Adramalech
1203 3771 1239 3834 et
1254 3764 1403 3836 Sarasar
1456 3765 1478 3779 ''

128 3868 209 3962 ejus
230 3873 496 3960 percusserunt
518 3885 606 3932 eum
636 3857 780 3954 gladio,
803 3871 841 3932 et
858 3857 1048 3954 fugerunt.
1540 3921 1542 3924 .

178 3963 365 4126 lltlanassels
375 3981 446 4030 rex
457 3954 556 4029 Juda
567 3954 689 4030 erexit
704 3955 900 4050 arasBaal,
914 3967 951 4028 et
966 3953 1134 4031 adoravit
1149 3977 1298 4028 omnem
1309 3952 1482 4027 militiam
1502 3971 1527 4040 4.
1551 3973 1619 4042 neg.
1636 3986 1684 4026 υ.

129 4054 215 4127 coei
241 4066 277 4128 et
299 4077 343 4126 oo
356 4052 414 4125 uit
436 4077 528 4125 eam.

179 4145 397 4240 Holoferues
429 4139 653 4246 Indignatus
680 4156 829 4222 contra·
848 4143 1015 4244 Achior,
1048 4144 1116 4243 qui
1159 4143 1484 4226 commendaverat
1502 4160 1597 4258 tuom
1619 4159 1653 4216 e.
1738 4139 1743 4147 '
