4502 5484
511 329 777 425 rmunus
808 327 907 425 xv.
944 331 1146 427 avana.
1411 289 1412 294 .
1455 310 1517 458 ‘27'

186 557 328 632 Nuncii
349 555 483 630 Balaae
515 568 776 654 perrexerunt.
799 555 846 630 ad
875 557 986 630 Balaa
1038 556 1253 651 ‚habentes
1282 560 1502 634 donationes
1523 577 1602 632 Num.
1621 594 1663 633 υ,

140 665 176 728 et
226 655 365 728 retium
390 653 432 725 in
450 653 644 745 manibus,
677 668 715 728 et
734 656 787 727 ita
805 655 881 728 fuit
895 654 1018 751 cupid'
1040 665 1098 726 ate
1121 669 1331 752 corruptus.
1578 687 1586 700 ·
1689 713 1696 728 .

219 749 325 824 ribus
348 749 481 823 Ruben
498 759 536 821 et
557 749 661 844 Gad,
687 761 725 824 et
742 751 864 824 tribus
888 755 1057 824 Manaase
1079 749 1256 843 dimidia,
1279 753 1368 850 quia
1383 751 1501 826 habe-
1519 757 1599 811 Num.
1621 759 1662 811 ³²·

140 845 232 920 bant
255 847 505 920 substantiam
537 847 721 937 multam,
754 859 791 918 et
811 865 969 942 pecora,
996 845 1202 920 noluerunt
1226 852 1388 920 transire
1415 851 1501 922 Jor—
1752 849 1755 856 ’

143 941 303 1036 danem,
330 940 395 1014 sed
414 942 575 1014 interra
597 943 739 1016 alendis
766 943 938 1040 gregibus
963 953 1050 1041 apta
1077 951 1245 1016 contenti
1276 956 1366 1016 suut
1390 943 1501 1018 habi*

142 1051 221 1112 tare
239 1093 249 1130 ,
270 1049 383 1134 atque
404 1038 481 1110 acci
509 1061 570 1108 ere
597 1039 819 1132 portionem.
1086 1044 1090 1070 ¹

193 1134 407 1231 Cupiditate
429 1158 467 1204 se
495 1143 607 1204 uetus
623 1132 777 1222 Achan,
797 1132 845 1204 de
864 1133 1101 1204 anathemate
1119 1133 1296 1207 Hiericho
1320 1134 1502 1230 sumpsit,
1519 1149 1597 1212 Joaue
1616 1167 1641 1219 7.

144 1229 211 1306 sed
226 1228 375 1326 proillo
400 1227 506 1300 lucro
531 1225 712 1299 damnum
733 1227 897 1299 terribile
919 1229 1134 1322 reportavit.

194 1327 269 1399 Pro
301 1323 461 1420 pecuina
490 1323 513 1394 b
544 1321 745 1398 Philiataeis
771 1323 955 1420 promissa
983 1321 1104 1396 Dalila
1133 1324 1349 1397 Samsonem
1376 1325 1505 1401 virum
1520 1335 1607 1388 Judic·
1622 1332 1663 1388 ιδ·

144 1447 261 1496 suum
284 1426 337 1492 eis
359 1419 523 1492 tradidit.
640 1475 646 1487 .
757 1500 759 1504 ¹
1332 1467 1335 1476 ,

195 1520 251 1590 De
274 1517 361 1590 filiis
381 1515 530 1588 Samuel
548 1513 687 1590 dicitur
710 1542 718 1587 :
741 1517 1036 1590 Declinaverunt
1057 1527 1141 1612 post
1162 1518 1382 1612 avaritiam,
1409 1538 1508 1596 acce·
1525 1528 1548 1560 ¹·
1563 1510 1626 1576 let·
1640 1505 1667 1556 ⁸¹

146 1625 360 1712 perumque
382 1637 562 1706 munera,
598 1625 863 1710 perverterunt
886 1611 1082 1708 judicium.
1629 1685 1633 1694 ,

198 1713 392 1806 Praecipua
413 1732 543 1801 causa,
564 1710 628 1785 vel
643 1712 787 1784 occasio
805 1709 1077 1806 reprobationis
1096 1709 1202 1801 Saul,
1220 1708 1373 1786 videtur
1390 1708 1509 1786 fuisse
1528 1723 1550 1757 ¹·
1564 1703 1627 1769 ΗΘΒ·
1644 1695 1685 1750 ¹⁵·

150 1806 356 1903 cupiditas,
379 1831 491 1902 quam
509 1805 644 1879 habuit
663 1806 710 1879 ad
728 1805 893 1904 praedam
915 1803 1103 1878 Amalech.
1127 1805 1239 1877 Unde
1258 1805 1358 1878 dixit
1390 1806 1424 1876 ei
1444 1806 1511 1877 Sa-

150 1903 279 1978 muel:
303 1901 428 1992 Quare
445 1927 523 1975 non
540 1903 680 1975 audisti
702 1927 835 1978 vocem
851 1901 1032 1993 Domini,
1052 1900 1117 1974 sed
1134 1926 1268 1975 versus
1289 1901 1336 1974 ad
1347 1899 1514 1998 praedam

153 2026 215 2090 es,
240 2011 279 2070 et
299 1997 422 2070 fecisti
443 1999 585 2071 malum
605 2000 648 2070 in
675 1998 793 2071 oculis
809 1995 995 2070 Domini?
1478 2071 1484 2078 ,

203 2092 325 2165 Nimis
348 2104 466 2163 tenax
483 2092 558 2164 fuit
580 2092 699 2164 Nabal
724 2117 810 2186 erga
824 2090 948 2164 David
963 2089 1106 2184 aliquid
1122 2103 1310 2185 petentem
1326 2091 1408 2164 dari
1425 2091 1515 2181 sibi,
1536 2106 1559 2139 ¹·
1573 2089 1636 2153 ΗΘΒ·
1651 2077 1695 2136 ²⁵·

182 2196 310 2277 ropter
327 2183 429 2274 quod
453 2183 532 2252 fere
558 2197 677 2256 totam
699 2186 947 2259 substantiam
964 2199 1002 2257 et
1017 2207 1215 2280 personam
1230 2189 1426 2280 amiserat,
1442 2187 1518 2260 nisi

154 2210 296 2353 hassa
317 2273 462 2366 Abigail
486 2297 588 2346 uxor
610 2297 688 2344 sua.
1095 2309 1100 2316 .
1419 2283 1422 2291 ·
1586 2294 1593 2302 ,

207 2371 328 2444 Semei
355 2366 478 2438 exivit
503 2363 550 2437 de
570 2366 803 2436 Hierusalem
829 2377 960 2437 eontra
977 2363 1271 2460 prohibitionem
1291 2369 1521 2459 Salomonis,
1540 2396 1564 2446 a.
1581 2393 1646 2462 neg.
1663 2407 1703 2443 ι,

158 2468 207 2544 ad
227 2459 499 2560 requirendum
520 2486 649 2534 servos
677 2485 785 2552 suos,
812 2458 881 2556 qui
905 2456 1155 2554 aufugerant:
1184 2473 1221 2531 et
1245 2465 1294 2534 ob
1312 2463 1413 2533 hanc
1431 2487 1522 2535 cau-

159 2591 241 2642 sam
263 2561 352 2634 fecit
383 2582 469 2630 eum
486 2556 662 2630 Salomon
684 2555 812 2628 occidi.
848 2570 853 2578 '

209 2660 332 2734 Vinea
354 2652 504 2728 Naboth
552 2679 668 2751 quam
691 2650 909 2748 concupivit
930 2648 1081 2743 Achab,
1096 2648 1172 2724 fuit
1196 2673 1309 2722 causa
1332 2649 1395 2725 vel
1420 2675 1522 2724 occa·
1543 2671 1568 2726 a.
1582 2671 1646 2738 aeg.
1661 2681 1705 2720 u.

162 2761 244 2851 sio,
271 2777 387 2854 quare
403 2749 479 2823 duo
500 2709 586 2824 falsi
603 2761 716 2824 testes
742 2747 887 2823 fuerint
914 2757 1045 2820 contra
1065 2772 1155 2820 eum
1179 2745 1374 2843 producti,
1397 2761 1434 2820 et
1458 2747 1522 2822 ille

162 2857 292 2955 jussus
318 2859 375 2940 est
397 2846 566 2945 lapidari.
950 2911 953 2918 ,

171 2993 180 3012 .
214 2949 313 3040 Quia
339 2944 447 3018 Giezi
474 2945 615 3058 accepit
644 2946 667 3017 a
695 2941 865 3018 Naaman
881 2938 944 3037 id,
964 2937 1067 3040 quod
1084 2939 1243 3015 Elisaeus
1265 2951 1528 3034 recusaverat,
1546 2953 1572 3021 t·
1585 2951 1648 3018 Rer-
1661 2945 1689 3001 ὅ·

164 3044 269 3142 lepra
295 3065 504 3139 percussus¹
520 3039 606 3116 furt.
1526 3052 1529 3065 '
1676 3059 1680 3066 ’

219 3139 401 3232 Tempore
424 3137 609 3230 Neemiae,
633 3149 741 3212 erant
767 3135 886 3232 aliqui
907 3157 958 3206 ex
980 3133 1223 3230 optimatibus
1246 3134 1301 3208 ita
1321 3133 1449 3206 usuris
1468 3155 1532 3229 op
1549 3144 1650 3202 aaa
1666 3140 1694 3199 5.

62 3226 83 3248 ”
171 3231 314 3333 pressi,
340 3232 441 3325 quod
462 3233 640 3306 volebant
656 3233 755 3307 filios
776 3257 865 3308 suos
888 3241 925 3305 et
940 3229 1036 3305 filias
1053 3255 1141 3303 suas
1157 3227 1323 3304 vendere
1341 3229 1383 3300 in
1402 3253 1531 3300 servos

172 3341 212 3404 et
233 3325 397 3402 ancillas.
423 3323 495 3396 Sed
515 3325 685 3401 Neemias
710 3328 795 3402 illos
823 3328 960 3407 divites
982 3327 1148 3426 graviter
1172 3338 1209 3398 et
1230 3323 1392 3404 viriliter
1410 3323 1582 3400 incre-¹
1714 3373 1723 3390 .
1838 3315 1842 3322 ‘

221 3427 288 3502 vit.
688 3481 694 3500 .
1694 3457 1699 3466 ·

171 3447 390 3598 PaObtenta
409 3515 570 3592 victoria
592 3514 639 3596 de
658 3503 863 3613 Arphaxad
881 3541 966 3610 rege
980 3515 1176 3588 Medorum
1190 3509 1536 3584 Nabuchodonosor
1553 3507 1656 3563 Ju‘ffll·
1676 3523 1701 3560 ¹·

174 3641 248 3697 rex
273 3615 541 3713 Assyriorum,
568 3612 695 3686 statim
717 3635 833 3709 regna
858 3609 931 3684 alia
956 3609 1089 3702 omnia,
1109 3631 1229 3680 concu
1254 3606 1336 3682 ivit.
1443 3671 1450 3678 .

226 3712 336 3786 Dixit
358 3709 475 3784 Judas
503 3705 1084 3782 Machabaeuseommilitonibus
1104 3705 1213 3777 suis:
1271 3729 1323 3777 on
1343 3703 1539 3798 concupis·
1557 3721 1581 3757 ¹·
1594 3696 1719 3767 M²0¹¹·l·

181 3810 273 3884 catis
296 3806 434 3904 spolia,
457 3805 547 3903 quia
567 3805 708 3880 bellum
729 3815 860 3900 contra
880 3829 950 3880 nos
966 3813 1044 3897 est,
1059 3810 1098 3874 et
1118 3799 1272 3898 Gorgias
1292 3811 1330 3876 et
1348 3799 1537 3874 exercitus

180 3907 265 4004 ejus
286 3905 328 3977 in
353 3914 481 3978 monte
499 3927 614 4000 prope
642 3927 712 3976 nos
732 3913 801 3976 etc.
1218 3977 1220 3984 χ
1394 3905 1397 3914 '

230 3999 456 4076 Ptolomaeus
470 4025 543 4072 rex
553 4000 707 4099 AEgypti
716 3999 949 4098 vituperavit
966 3993 1224 4071 Alexandrum
1235 4017 1414 4092 generum
1426 4015 1541 4068 suum
1561 4004 1683 4068 amech.
1695 4019 1752 4060 n.·
1772 4023 1791 4100 v·

183 4106 400 4206 propterea,
430 4094 533 4207 quod
554 4107 794 4202 concupierat
811 4097 993 4198 regllum,
1012 4117 1102 4173 eum
1121 4088 1335 4176 Alexander
1360 4115 1451 4180 eum¹
1470 4088 1542 4173 hor

186 4189 343 4292 pontice
367 4203 599 4296 suscepisset,
994 4284 1068 4358 Da
