4310 5472
756 395 808 512 98
856 375 1121 476 TITULUS
1139 371 1244 460 Llll.
1273 367 1427 456 Fidem
1451 357 1695 448 colentium
1718 355 1903 444 felicitas
1927 379 2023 446 etc.

561 579 710 706 actor-14·
803 609 966 702 Quidam
990 605 1055 681 vir
1071 602 1118 676 de
1143 596 1294 674 civitate
1317 587 1491 690 Lystris,
1513 583 1582 680 qui
1604 601 1803 693 nunquam
1831 579 2118 669 ambulaverat,

689 733 693 740 ·
758 709 904 786 audivit
925 698 1127 776 Paulum]
1179 701 1340 767 nentem.
1375 681 1517 760 Paulus
1544 689 1671 753 autem
1692 675 1848 768 videns,
1870 674 1981 771 qnod
2012 676 2116 756 fidem

757 806 912 880 haberet
939 811 983 872 ut
1003 721 1283 879 salvusoderet,
1307 781 1408 858 dixit
1429 779 1494 852 ei:
1521 777 1639 871 Surge
1661 798 1773 871 super
1791 769 1903 869 pedes
1925 783 2028 847 tuos
2050 802 2116 850 rec.

759 915 847 990 tus,
870 908 907 970 et
929 893 1101 984 exilivit3
1128 899 1166 963 et
1187 880 1413 958 ambulabat·
1741 965 1748 981 ι
1862 964 1868 980 Ι
1968 967 1984 982 ἃ
2086 974 2092 986 ι

565 1017 674 1074 Eodem.
701 1005 705 1014 '
808 995 965 1068 Factum
987 1000 1044 1060 est
1064 983 1207 1074 Iconii,
1232 990 1277 1050 ut
1295 973 1435 1048 Paulus
1452 983 1490 1046 et
1508 965 1698 1042 Barnabas
1717 963 1834 1038 srmtd
1858 975 2070 1042 rmrouent
2084 997 2112 1044 u

763 1109 988 1189 synagogam
1004 1081 1245 1168 ludaeorum,
1263 1083 1300 1144 et
1311 1071 1558 1166 loquerentur
1574 1064 1629 1140 ita
1640 1117 1651 1156 ‚
1664 1057 1887 1138 utcrederct
1899 1061 2114 1138 Judaeomm

762 1200 799 1258 et
818 1185 1032 1254 Graecorum
1053 1175 1202 1270 copiosa
1222 1163 1439 1242 multitudo.
1637 1255 1643 1270 Ι
1822 1183 1847 1268 ,⁸
1863 1253 1873 1270 ,ἵ

566 1307 657 1362 Actor.
669 1303 710 1354 se.
810 1273 1110 1351 Transeuntibus
1130 1263 1247 1339 Paulo
1269 1275 1306 1336 et
1325 1259 1500 1334 Barnaba
1519 1281 1586 1354 per
1608 1253 1780 1330 d1versas
1798 1263 1974 1328 civitates
1997 1255 2108 1361 Eccle

516 1357 524 1372 ’
763 1377 849 1464 site,
875 1367 1195 1444 confirmabantur
1210 1361 1252 1434 in
1276 1356 1373 1448 fide,
1399 1367 1437 1428 et
1458 1351 1702 1427 abundabant
1728 1373 1889 1458 numero
1907 1353 2084 1444 quotidie.

567 1479 677 1536 nouem.
812 1469 946 1541 Custos
961 1462 1139 1552 carceris,
1167 1459 1211 1528 in
1237 1479 1315 1551 quo
1339 1449 1607 1526 detinebantur
1629 1445 1769 1518 Paulus
1792 1457 1830 1517 et
1854 1443 1972 1538 Silas,
1997 1449 2123 1521 videm*

763 1577 874 1640 terrae
892 1575 1038 1634 motum
1057 1555 1163 1645 fieri,
1186 1561 1223 1622 et
1240 1571 1425 1622 carcerem
1445 1544 1610 1642 aperiri,
1635 1539 1876 1614 tremefactus
1899 1541 2101 1635 prociditd
2122 1605 2123 1638 ,

764 1657 878 1756 pedes
900 1679 1052 1744 eorum,
1073 1650 1201 1722 dicens
1220 1671 1227 1715 :
1244 1645 1421 1734 Domine,
1442 1639 1534 1736 quid
1545 1665 1605 1712 me
1621 1647 1767 1734 oportet
1782 1636 1925 1728 facere,
1942 1651 1989 1712 ut
2005 1641 2103 1716 salvus
2122 1657 2123 1732 Q

767 1749 883 1826 fiam?
899 1751 947 1822 At
962 1748 1018 1820 illi
1037 1747 1219 1818 dixernm
1236 1764 1244 1806 ε
1269 1736 1384 1809 Crede
1407 1737 1449 1808 in
1464 1734 1670 1807 Dominum
1685 1732 1814 1806 lesum
1826 1787 1837 1826 ,
1851 1745 1889 1806 et
1900 1732 2031 1809 salvus
2041 1737 2102 1808 eris

574 1879 721 1945 Aenum.
816 1846 912 1918 Cum
933 1841 1074 1914 Paulus
1099 1838 1326 1932 disputasset
1347 1829 1507 1904 Athenis
1526 1842 1658 1902 contra
1681 1827 1951 1922 idololatriam,
1974 1831 2102 1926 quiden

766 1941 844 2021 viri
868 1937 1101 2014 adhaerentes
1123 1935 1180 2028 ei,
1203 1927 1459 2020 crediderunt,
1476 1927 1519 2000 in
1544 1925 1684 2023 quibus
1714 1925 1923 2022 Dionysius
1935 1980 1948 2021 ,
1971 1939 2044 2000 etc.

1157 2098 1538 2316 TITULDS
1599 2221 1743 2308 L111·.

843 2410 993 2498 inlem
1023 2406 1243 2492 colentium
1269 2403 1474 2510 felicitas,
1517 2396 1791 2480 deserentium
1818 2396 2039 2502 cirselz'cc‘las.

578 2611 725 2668 moses
771 2547 958 2696 Moyses
976 2595 1025 2667 ob
1041 2601 1230 2664 retentum
1252 2611 1352 2662 verte
1375 2584 1575 2683 Religionis
1599 2586 1745 2660 cultum
1768 2599 1804 2662 et
1822 2585 1942 2660 zelum
1958 2611 2040 2660 non
2058 2611 2105 2660 cr

614 2682 638 2730 ³·
649 2685 676 2728 ‘¹
687 2692 741 2742 ἠ’
773 2691 875 2762 ravit
896 2690 1005 2760 bonis
1024 2683 1188 2795 spoliari,
1208 2684 1303 2757 etin
1322 2683 1480 2757 exilium
1505 2681 1716 2780 profugere:
1738 2709 1788 2758 ex
1810 2709 1885 2780 qno
1905 2681 2061 2776 factum,
2075 2707 2102 2756 ut

775 2782 821 2854 sd
843 2795 987 2857 tantam
1020 2779 1237 2946 dignitatem
1263 2804 1305 2851 ac
1327 2789 1547 2877 potestatem
1573 2793 1726 2853 evectus
1749 2783 1821 2874 sit,
1842 2793 2023 2876 quantam
2044 2793 2100 2854 autc

510 2931 512 2939 a
775 2879 900 2973 ipsum
921 2901 1033 2950 nemo
1073 2876 1194 2968 egitur
1215 2888 1421 2949 assecutus.

439 3033 446 3050 .
582 2981 653 3033 nan.
666 2975 693 3026 6·
825 2971 958 3046 Daniel
981 2981 1133 3067 propter
1153 2982 1258 3044 actus
1278 2995 1378 3044 verae
1400 2969 1600 3066 Religionis
1623 2972 1769 3046 summai
1790 2971 1990 3048 honorum
2010 2988 2041 3047 et
2056 2973 2103 3044 bo

778 3092 915 3140 norum
934 3063 1206 3161 temporalium
1217 3065 1392 3140 felicitate
1415 3079 1548 3140 auctus
1574 3079 1640 3142 est.

584 3159 669 3218 2¹⁰³·
683 3159 761 3211 Μ’·
825 3161 912 3236 Filii
933 3161 1046 3236 lsrael
1066 3161 1253 3235 immunes
1280 3174 1480 3238 servantur
1506 3187 1529 3234 a
1550 3163 1666 3259 plagis
1688 3167 1850 3260 AEgypti.

586 3289 611 3326 ι.
629 3271 688 3326 rar.
702 3269 747 3320 2³.
826 3257 928 3349 loss,
952 3255 1132 3356 quamdiu
1153 3283 1282 3331 veram
1305 3257 1528 3354 Religionem
1552 3259 1686 3352 coluit,
1707 3259 1866 3334 feliciter
1892 3265 2070 3358 regnarit:
2085 3281 2111 3330 u

778 3353 846 3426 nbi
868 3353 1020 3444 defecit,
1040 3351 1169 3426 multis
1188 3353 1430 3448 languoribus
1451 3379 1475 3426 a
1502 3355 1608 3454 Syris
1630 3357 1889 3452 excruciatus,
1905 3358 2017 3429 asnis
2038 3369 2114 3430 tan·

779 3447 863 3522 dem
886 3448 1104 3522 interfectus
1126 3460 1192 3521 est.

585 3564 653 3618 cen.
669 3573 713 3611 υ.
753 3606 758 3614 ,
828 3543 1017 3616 Abraham
1034 3543 1147 3616 aDeo
1164 3543 1381 3619 benedictus
1397 3559 1547 3643 propter
1564 3545 1696 3642 fidem,
1710 3547 1786 3646 qni
1800 3549 1925 3626 filium
1940 3575 2049 3625 suum
2062 3553 2116 3622 im

780 3637 955 3732 molavit,
977 3651 1014 3714 et
1035 3650 1166 3713 contra
1188 3665 1289 3736 spem
1311 3641 1353 3714 iu
1376 3667 1479 3738 spem
1501 3641 1667 3716 credidit.
1761 3703 1770 3711 .

588 3743 766 3802 nasu-30·
828 3733 919 3808 F1de
944 3737 1045 3808 muri
1067 3733 1218 3808 Jericho
1239 3749 1463 3811 corruerunt
1483 3738 1644 3810 circuitu
1665 3737 1810 3814 dierum
1837 3753 1994 3840 septem.

586 3849 767 3906 neumas.
829 3827 919 3902 Fide
942 3827 1072 3902 Rahab
1097 3830 1277 3904 meretrix
1299 3857 1376 3904 non
1398 3833 1509 3928 periit
1533 3857 1619 3906 cum
1647 3835 1862 3910 incredulis.
2064 3849 2067 3856 “

587 3945 674 3998 Just.
693 3961 718 3996 α.
829 3925 1006 3998 Israelitae
1033 3926 1236 3998 servientes
1259 3925 1348 3999 Baal
1373 3940 1411 4000 et
1437 3918 1631 4020 Astaroth,
1658 3929 1906 4006 deseruerunt
1929 3937 2056 4030 siarn,
2071 3955 2123 4032 per

616 4091 620 4099 ,
709 4101 714 4108 ,
782 4043 899 4186 fluam
924 4017 1082 4111 ingrcssi
1103 4017 1252 4094 suerunt
1274 4033 1396 4116 patres
1408 4047 1548 4098 eorum.
1571 4026 1693 4103 Iratus
1704 4025 1830 4124 itaque
1850 4029 2046 4108 Dominus
2064 4047 2125 4104 tra·

808 4112 878 4187 idit
896 4137 958 4188 eos
980 4112 1021 4184 in
1047 4136 1181 4188 manus
1202 4114 1468 4214 diripientium.
1924 4135 1926 4140 ’

591 4223 693 4292 areg.
707 4223 748 4278 a.
832 4207 1048 4308 Saul,quia
1061 4211 1281 4310 contempsit
1295 4238 1434 4292 nomeu
1446 4213 1619 4315 Domini,¹
1629 4241 1786 4316 regnum
1801 4221 1934 4302 amisit
1958 4239 1998 4304 et
2008 4225 2126 4304 snam
