4452 5462
726 419 816 509 308'
994 405 1258 499 rmonus
1297 401 1482 494 saxu..
1509 396 1663 482 mmor
1697 393 1800 481 nn:

735 523 2113 576 ffl——ss———d-Q

1061 621 1448 716 TITULUS
1515 617 1761 703 CLXX..

1109 789 1127 801 '¹
1264 799 1413 882 Τιἰηον
1457 791 1559 876 Det·

535 1044 604 1097 qen,
616 1041 643 1093 3,
729 948 885 1102 Usque
902 995 1236 1076 ad'beatitudinem
1257 987 1514 1063 confirmatam
1535 1009 1613 1058 non
1635 995 1769 1080 potest·
1792 1013 1874 1064 esse
1897 996 2104 1068 securitas·

729 1101 825 1176 Nam
848 1112 884 1173 et
906 1097 1027 1194 angeli
1045 1097 1087 1168 in
1115 1089 1209 1162 coelo
1227 1108 1428 1182 empyreo,
1459 1091 1496 1153 et
1514 1081 1627 1178 primi
1645 1095 1829 1176 parentes,
1847 1088 1890 1161 in
1917 1094 2096 1164 terrestri
2208 1147 2209 1154 ,

729 1197 1181 1295 paradisopeccaverunt.
1320 1277 1327 1294 υ
1449 1277 1454 1284 Ι
1611 1274 1618 1287 ·
1794 1280 1801 1293 .
1951 1205 1955 1212 ·
2207 1157 2209 1244 l

533 1336 601 1387 Ge„
618 1351 673 1402 ,ομ
730 1290 877 1462 fingth
899 1293 999 1364 inter
1009 1296 1216 1398 Receatores
1232 1301 1411 1447 {iessrmos
1426 1275 1548 1444 latonas
1563 1271 1638 1346 furt
1645 1327 1656 1368 ,
1679 1285 1719 1347 et
1739 1282 1976 1386 exiensinde
1998 1307 2106 1356 cum.

772 1391 808 1462 ia
835 1413 879 1459 us
923 1411 966 1459 ro
991 1409 1057 1458 rus
1079 1407 1122 1453 m
1145 1401 1271 1450 mone
1293 1397 1470 1470 peceavi.

779 1413 954 1557 Desecibs
967 1407 1116 1553 iimorm
1131 1471 1263 1546 Diuini
1283 1481 1339 1543 est
1361 1492 1473 1570 causa
1493 1465 1634 1562 peccati
1650 1487 1667 1557 ,’
1683 1467 1766 1541 ideo
1785 1467 1882 1544 dixit
1893 1472 2090 1547 Abraham

732 1579 779 1653 ad
810 1575 1025 1652 Abimelech
1049 1599 1058 1644 z
1082 1567 1251 1666 Cogitavi
1273 1590 1420 1638 mecum
1436 1564 1588 1636 dicens:
1605 1561 1775 1638 Forsitan
1795 1589 1869 1638 non
1891 1580 1946 1640 eat
1968 1571 2088 1642 timor

731 1678 801 1748 Dei
818 1676 861 1748 in
881 1673 965 1747 loco
980 1673 1079 1762 isto,
1106 1679 1145 1740 et
1165 1660 1404 1736 interficient.
1416 1685 1502 1732 me..

535 1812 612 1864 frod
642 1829 652 1862 ,
781 1771 1006 1842 Timuerunt
1026 1759 1241 1836 obstetrices
1267 1758 1495 1847 Dominum,
1518 1767 1556 1828 et
1577 1752 1768 1830 aedificavit
1788 1754 1861 1828 illis
1886 1755 2025 1829 domos.
2209 1827 2210 1848 ,

534 1847 621 1967 ω’
634 1845 666 1962 ,’
780 1861 911 1934 Voluit
936 1859 1121 1933 Dominus
1152 1851 1240 1926 filiis
1264 1851 1379 1924 lsrael
1403 1851 1567 1923 multum
1590 1851 1760 1926 timorem
1788 1851 1979 1946 incutere,
1998 1851 2081 1925 ideo

576 1929 619 1964 ⁰⁸
652 1928 680 1962 ⁰⁶
733 1983 822 2031 cum
854 1955 1065 2046 tonitruis,¹
1079 1964 1116 2024 et
1141 1952 1249 2043 igne,
1272 1957 1310 2017 et
1332 1945 1447 2055 signis
1474 1945 1703 2020 terribilibus
1728 1947 1850 2045 legetn-
1864 1947 1976 2021 dedit.
2211 2009 2212 2046 ,

782 2051 868 2125 Non
887 2049 996 2122 debet
1021 2041 1344 2120 homoeonfidere
1365 2041 1609 2138 inprobitate
1638 2057 1839 2138 parentum
1860 2041 1878 2115 ‘t
1901 2043 2086 2120 Abraham

733 2148 833 2224 enim
857 2146 983 2242 plures
1005 2143 1141 2217 habuit
1160 2137 1278 2210 malos
1302 2136 1416 2229 filios,
1440 2162 1562 2210 unum
1589 2138 1747 2212 bouum.

537 2300 561 2334 „
575 2285 637 2350 neg,
652 2281 679 2333 3,
764 2239 1078 2318 -samuel'habuit
1101 2237 1219 2328 duos,
1246 2232 1356 2306 ambo
1378 2231 1535 2306 fuerunt
1555 2233 1655 2306 mali.
1678 2236 1802 2312 David
1821 2240 1935 2312 etiam
1953 2239 2104 2312 multos.

731 2341 858 2416 malos.
882 2339 1055 2413 Salomon
1076 2331 1211 2408 habuit
1236 2353 1358 2406 unum
1384 2328 1536 2404 malum·
1556 2342 1594 2402 et
1608 2330 1786 2408 sedtum.
1815 2337 1866 2410 Et
1891 2335 1937 2408 de
1962 2335 2101 2410 multis.

731 2438 813 2512 aliis
834 2434 1086 2510 inveniuntur
1115 2429 1295 2526 exempla.
1351 2523 1358 2536 Ι

534 2553 621 2608 moa.
634 2553 673 2622 14.
780 2535 870 2606 Post
889 2531 1090 2604 transitum
1118 2528 1231 2602 maris
1254 2526 1363 2600 rubri
1389 2533 1426 2596 et
1456 2521 1752 2598 submersionem
1778 2527 1969 2602 exereitus
1994 2525 2090 2599 Pha·
2213 2581 2214 2584 ,

732 2630 859 2704 raonis
884 2627 1049 2702 dieitur:
1080 2623 1224 2696 Timuit
1245 2621 1406 2719 populus
1427 2618 1656 2713 Dominum,
1689 2633 1727 2695 et
1756 2623 1996 2698 crediderunt
2016 2624 2091 2696 Do·

531 1535 600 1588 Gen·
615 1544 658 1583 20·

733 2727 857 2814 mino,
883 2737 921 2795 et
942 2722 1067 2818 Moysi
1090 2745 1199 2796 servo
1219 2722 1327 2792 e'us..
1493 2790 1498 2800 ,

536 2837 561 2889 a
575 2839 638 2908 neg.
653 2839 691 2892 n.
783 2819 921 2892 Abdias
954 2815 1187 2912 dispensator
1220 2747 1354 2888 ‹iomds
1385 2811 1516 2884 Achab
1553 2813 1702 2884 timebat
1732 2812 1934 2886 Dominum
1968 2817 2088 2887 lsrael

733 2915 864 3002 valde,
893 2939 981 2984 nam
1012 2937 1095 2982 cum
1131 2910 1358 2984 interficeret
1390 2905 1538 2980 lezabel
1559 2905 1753 3002 prophetas
1784 2907 1958 3000 Domini,
1990 2909 2084 2981 tulit

733 3006 796 3074 ille
819 3011 971 3072 centum
1000 2999 1221 3108 prophetas,
1249 3015 1286 3074 et
1307 3002 1502 3077 abscondit
1530 3025 1613 3096 eos,
1640 3012 1677 3074 et
1695 3003 1809 3097 pavit.

534 3119 560 3185 4⁴
575 3120 637 3187 aeg.
650 3135 687 3186 ¹7·
781 3097 984 3191 Homines,
1018 3120 1112 3192 quos
1141 3098 1245 3170 misit
1278 3123 1356 3171 rex.
1374 3097 1588 3196 Babylonis·
1607 3096 1669 3170 ad?
1685 3095 1934 3170 habitandum
1964 3099 2093 3172 Sama-

733 3197 827 3270 riam
839 3218 951 3285 ,non
976 3191 1166 3267 timebant
1183 3194 1412 3290 Dominum,
1439 3207 1476 3268 et
1492 3194 1649 3269 immisit
1670 3195 1722 3268 eis
1738 3193 1921 3268 Dominus
1941 3193 2091 3290 leones,

733 3292 800 3388 qui
826 3289 1109 3363 interficiebant¹
1123 3315 1195 3362 eos.
2136 3343 2154 3386 ι

534 3405 560 3442 2·
575 3394 660 3447 ann.
673 3411 714 3466 ¹9·
780 3386 985 3459 Constituit
1010 3383 1189 3479 Josaphat
1214 3386 1357 3484 judices
1377 3384 1420 3460 iu
1441 3387 1587 3462 cunetis
1613 3386 1829 3462 civitatibus
1853 3385 1877 3456 J
1879 3383 1974 3479 uda,
1995 3411 2090 3482 pre-

731 3484 775 3556 ci'
791 3484 872 3554 iens
906 3482 959 3554 eis
982 3482 1082 3554 inter
1104 3493 1262 3554 eaetera:
1286 3477 1340 3556 Sit
1369 3483 1482 3558 timor
1514 3483 1681 3556 Domini¹
1696 3481 1914 3575 vobiscum,
1941 3495 1978 3555 et
2004 3507 2090 3556 curn

731 3509 924 3689 diiigentia
948 3575 1070 3650 facite.
1085 3571 1183 3650 'Non
1211 3591 1267 3652 est
1294 3579 1395 3652 enim
1423 3577 1525 3676 apud
1547 3579 1753 3652 Dominum
1779 3577 1902 3652 Deum
1917 3590 2089 3654 nostrum

729 3699 785 3747 uu
816 3686 928 3746 uitas.

594 3861 597 3868 ι
779 3701 914 3841 'l'lobias
943 3769 1068 3841 senior
1094 3766 1140 3839 ab'
1160 3769 1323 3843 infantia
1355 3770 1477 3843 filium
1502 3795 1613 3844 suum
1638 3770 1771 3842 timere
1798 3769 2000 3842 Dominum
2020 3767 2090 3839 do-

628 3863 635 3879 ‘
731 3864 830 3954 cuit,
865 3877 902 3938 et
932 3865 1105 3936 timentes
1126 3863 1248 3938 Deum
1275 3866 1321 3937 ad
1353 3866 1574 3940 convivium
1604 3890 1714 3938 suum
1742 3863 1831 3948 fecit
1854 3863 1987 3938 vocari.
2024 3863 2091 3934 S'e-

731 3959 888 4052 quitur:
912 3959 1002 4032 Plus
1030 3959 1165 4032 timens
1191 3962 1313 4036 Deum
1345 3985 1460 4058 quam
1487 3987 1634 4060 regem,
1655 3961 1827 4056 rapiebat·
1852 3984 2006 4056 eorpora
2032 3983 2091 4031 oc·

730 4053 915 4146 cisorum,
936 4065 973 4126 et
1000 4053 1207 4148 sepeliebat.
1566 4117 1571 4130 .

778 4151 913 4223 Tobiae
938 4149 1067 4246 junior
1097 4161 1132 4219 et
1167 4152 1277 4224 amici
1308 4145 1368 4225 'rui
1402 4175 1489 4226 cum
1521 4154 1656 4228 timore
1684 4151 1838 4240 Domini
1871 4150 2093 4250 nuptiarum

730 4246 950 4324 convivium
979 4243 1226 4321 exercebant„
1311 4247 1315 4254 ’
1543 4263 1546 4274 ’
