4502 5484
822 372 875 454 58
1068 360 1331 454 TITULUS
1366 362 1523 453 XXXI.
1559 359 1751 450 Consilia
1788 363 1916 449 mala.

628 641 653 676 ι
673 624 732 677 ear.
748 637 791 676 n.
809 677 813 684 ,
873 601 1054 678 Ochozies
1071 627 1142 677 rex
1157 605 1254 678 Juda
1272 603 1458 699 ingressus
1478 614 1533 674 est
1550 605 1733 698 perviam
1756 600 1889 673 domin
1910 599 2067 692 Achab,
2097 627 2168 700 qua

602 771 604 774 .
825 714 904 774 erat
913 697 1214 792 pessima3Mater
1224 701 1323 774 enim
1334 701 1415 796 ejus
1426 697 1573 769 Athalia
1583 696 1731 794 impulit
1743 697 1961 788 eum,utim
1988 699 2030 768 ie
2043 709 2163 790 ageret

648 827 673 862 ι.
692 811 754 863 aaa.
771 811 798 879 4.
874 791 1154 868 AEtlificantibus
1171 794 1352 891 templum
1371 791 1509 864 Judaeis
1526 805 1610 888 post
1625 792 1786 864 reditum
1805 789 1850 862 de
1861 721 2081 888 Babylone,
2092 791 2165 864 hos·

825 904 881 963 tes
899 912 1027 962 eorum
1050 892 1276 986 scripserunt
1299 887 1501 962 Artaxerxi
1529 889 1632 983 regi,
1658 899 1696 959 et
1719 889 1799 982 ipse
1822 911 2027 981 persuasus
2056 889 2160 960 abeis

825 983 1017 1080 prohibuit
1044 1009 1136 1079 opus
1162 984 1277 1057 fieri·

631 1119 705 1175 m,
726 1121 751 1173 ς,
874 1080 993 1150 Amici
1020 1079 1139 1152 Aman
1166 1078 1357 1151 audientes
1385 1080 1509 1172 ipsum
1538 1087 1826 1174 conquerentem
1851 1075 1896 1148 de
1916 1075 2176 1168 'Mardochac,³

827 1175 893 1268 qui
914 1175 948 1244 ei
969 1197 1090 1266 genua
1110 1199 1187 1248 non
1209 1172 1395 1264 flectebat,
1417 1171 1705 1268 responderunt:
1725 1171 1820 1242 Jube
1842 1170 1964 1265 parari
1984 1173 2155 1242 excelsam

825 1269 984 1339 trabem:
1006 1279 1042 1338 et
1059 1293 1168 1340 mane
1189 1268 1249 1341 dic
1265 1267 1357 1362 regi,
1373 1279 1417 1339 ut
1432 1292 1477 1362 ap
1550 1265 1663 1338 datur
1680 1264 1934 1338 Mardochaeus
1950 1289 2152 1360 supeream.
2176 1258 2177 1294 l

630 1391 692 1441 sos.
715 1405 741 1439 π.
875 1361 1036 1435 Stultum
1053 1363 1250 1436 eonsilium
1262 1388 1362 1435 uxor
1380 1361 1450 1435 Jcb
1495 1359 1571 1432 edit
1586 1361 1715 1451 ei,sed
1731 1359 1793 1432 ille
1808 1371 1985 1456 tanquam
2007 1359 2151 1456 pmdeu

828 1468 864 1529 et
891 1470 1040 1530 sanctus
1059 1457 1172 1530 homo
1197 1457 1264 1530 tali
1292 1457 1445 1528 oonsilio
1476 1481 1553 1528 non
1586 1456 1783 1551 acquievit.

633 1558 695 1609 tat.
711 1575 750 1624 ¹9·
876 1552 1064 1644 Sapientes
1092 1545 1291 1624 consiliarii
1316 1549 1520 1650 Pharaonis
1546 1549 1727 1622 dederunt
1755 1548 1934 1643 insipiens
1964 1552 2151 1624 consilium.

634 1656 731 1706 rerem.
753 1654 794 1706 ³8·
877 1645 974 1732 Quia
988 1643 1165 1716 Ieremias
1176 1645 1430 1741 prophetavit,
1444 1645 1657 1737 capiendam
1673 1669 1751 1716 esse
1765 1643 1954 1717 civitatem
1968 1645 2153 1718 Jerusalem
2177 1671 2178 1698 t

831 1763 854 1808 a
868 1737 1068 1830 Cltaldais,
1083 1738 1262 1837 dixerunt
1280 1738 1399 1832 princi
1447 1761 1464 1808 s
1480 1737 1608 1833 populi
1625 1738 1783 1810 Sedecim
1797 1739 1891 1834 regi:
1911 1739 2108 1832 Rogamus,
2124 1751 2153 1809 ut

832 1832 1021 1906 occidatur
1035 1833 1149 1904 homo
1168 1833 1248 1905 iste.
1261 1833 1336 1921 Qui
1348 1843 1407 1904 stu
1424 1845 1492 1904 tea
1538 1834 1723 1924 uiescens,
1735 1831 1924 1928 respondit
1939 1834 2007 1912 eis:
2024 1832 2153 1904 Eccein

742 1937 748 1950 '
832 1929 1005 1999 manibus
1026 1929 1161 2003 vestris
1182 1927 1247 2002 est'.
1273 1926 1357 1999 Non
1380 1927 1481 2000 enim
1530 1953 1570 1999 as
1596 1940 1651 2001 est
1681 1951 1805 2023 regem
1832 1927 1935 2002 vobis
1964 1927 2155 2022 quidquam

636 2116 706 2168 ΒΜ·
725 2116 751 2166 ⁶·
830 2045 1097 2190 neildreinalam
1114 2121 1380 2216 suggestionem
1401 2117 1613 2215 principum
1636 2129 1672 2190 et
1690 2118 1933 2213 satraparum,
1945 2112 2075 2222 Darius
2088 2136 2159 2184 rex

831 2213 1028 2286 Persarum
1050 2216 1243 2290 constituit
1265 2213 1472 2303 decretum,
1489 2226 1533 2284 ut
1555 2214 1770 2309 quicunque
1789 2221 1926 2307 peteret
1943 2207 2032 2375 quad
2054 2207 2156 2278 aDeo

831 2307 894 2380 vel
918 2307 1084 2400 homine,
1104 2310 1177 2381 nisi
1208 2311 1255 2380 ab
1280 2310 1360 2404 ipso
1387 2331 1488 2404 rege,
1512 2309 1724 2381 mitteretur
1748 2309 1791 2380 in
1816 2307 1937 2378 lacum
1977 2317 2119 2374 conum.

637 2447 658 2482 ι.
671 2431 757 2483 atses.
774 2451 796 2484 ι,
880 2403 922 2474 ln
944 2401 1074 2476 diebus
1096 2403 1273 2476 Antiochi
1289 2405 1464 2474 exierunt
1486 2401 1661 2472 exlsrael
1682 2399 1749 2472 filii
1764 2403 1901 2497 iniqui,
1920 2410 1958 2470 et
1978 2409 2152 2470 suaserunt

832 2497 977 2584 ntrsltis,
988 2499 1165 2566 dicentes:
1177 2501 1315 2564 Eamus
1323 2505 1359 2561 et
1370 2491 1610 2586 disponamus
1621 2505 1884 2568 testamentum
1895 2516 1983 2564 cum
1994 2493 2151 2588 gentibus

639 2604 765 2684 anau
780 2603 805 2666 t.
883 2587 1046 2749 qutum
1074 2587 1190 2657 suasit
1213 2585 1399 2657 Menelaus
1426 2583 1653 2680 Androm,
1676 2589 1773 2686 quod
1797 2589 1859 2662 ille
1885 2587 2022 2660 occidit
2044 2587 2150 2659 oniam

510 2685 514 2698 '
836 2701 916 2750 sace
962 2693 1069 2752 otem.

640 2791 751 2845 rodam.
885 2771 979 2844 Cum
1007 2774 1185 2848 adversus
1217 2775 1426 2848 Menelaum
1458 2775 1640 2872 judicium
1670 2781 1871 2874 agitaretur
1896 2779 2025 2851 corani
2055 2777 2152 2850 Antia

837 2863 924 2956 cho,
941 2868 1163 2942 Ptolomaeus
1177 2871 1335 2965 pecunia
1357 2883 1553 2967 corruptus
1568 2897 1634 2967 per
1650 2875 1872 2966 Menelaum,
1887 2877 2071 2969 persuasit
2084 2872 2153 2965 regi,
2181 2945 2182 2960 ,

838 2972 981 3030 etcum
1003 2961 1049 3034 ad
1071 2966 1291 3037 sententiam
1312 2962 1484 3056 deduxit,
1500 2967 1567 3060 qui
1592 2969 1800 3042 Menelaum
1822 2969 2001 3060 absolvit,
2022 2983 2055 3040 et
2074 2965 2154 3039 mul-

838 3064 895 3125 tos
916 3056 1036 3149 justos
1058 3061 1138 3154 ejus
1165 3071 1392 3152 accusatores
1419 3072 1536 3151 morte
1568 3061 1770 3136 damnarit.
1962 3145 1965 3154 ,

884 3149 1061 3246 Iniquum
1092 3156 1288 3228 consilium
1317 3153 1418 3227 dedit
1444 3155 1619 3229 Herodias
1643 3157 1730 3230 fitia
1759 3157 1905 3234 dicens:
1941 3157 2049 3230 Nihil
2077 3150 2153 3228 aliud

836 3257 938 3340 petas
966 3248 1040 3320 nisi
1066 3263 1176 3344 caput
1204 3250 1358 3321 Josnnis
1383 3250 1567 3345 Baptistae.
1829 3249 1834 3262 '

883 3339 1086 3414 Proconsul
1126 3344 1265 3416 Paulus
1310 3342 1541 3417 desiderabat
1581 3345 1708 3419 audire
1749 3348 1908 3422 verbum
1943 3349 2033 3441 Dei,
2080 3339 2153 3442 quod

835 3433 974 3509 Paulus
994 3449 1031 3509 et
1055 3437 1241 3512 Barnabas
1265 3437 1523 3535 praedicabant.
1550 3441 1757 3514 Resistebat
1779 3453 1904 3516 autem
1926 3443 2002 3517 illis
2028 3444 2153 3540 Etyma

835 3555 986 3626 magus,
1022 3561 1192 3630 quaerens
1220 3547 1387 3606 avertere
1412 3536 1669 3628 proconsulem
1698 3561 1720 3606 a
1740 3535 1823 3608 fide.

884 3628 979 3702 Cum
1002 3630 1140 3703 Paulus
1166 3644 1204 3702 et
1234 3629 1421 3702 Barnabas
1450 3643 1572 3701 essent
1598 3631 1640 3704 in
1665 3631 1814 3705 civitate
1835 3632 1982 3729 Lystn's
2010 3637 2059 3706 in
2081 3639 2159 3706 tanto

835 3721 997 3811 honore,
1009 3725 1107 3816 quod
1128 3723 1299 3798 homines
1318 3723 1391 3796 illis
1413 3737 1591 3818 tanquam
1607 3724 1688 3796 Diis
1707 3725 1909 3797 sacrificare
1925 3727 2086 3820 vellent,
2100 3723 2158 3818 qui·

840 3812 925 3882 dam
936 3815 1057 3887 Judaei
1069 3829 1381 3910 supervenerunt,
1396 3829 1432 3888 et
1443 3819 1625 3912 persuasis
1637 3820 1774 3910 turbis,
1791 3819 2076 3919 lapidantesque
2091 3823 2163 3893 Pau·

824 3904 936 3993 xlum,
952 3920 1151 3980 traxerunt
1164 3925 1271 3983 extra
1287 3912 1492 4000 civitatem,
1506 3911 1761 3986 existimantes
1780 3939 1866 3987 eum
1883 3940 1962 3987 esse
1977 3931 2160 3991 mortuum-

764 4061 771 4074 ,
890 3997 1089 4070 Occasione
1106 4004 1298 4098 cujusdam
1321 4005 1473 4100 puella,
1493 4028 1516 4072 a
1530 4029 1604 4099 qua
1619 4007 1756 4080 Paulus
1778 4009 1950 4104 spiritum
1971 4013 2164 4107 pythonem

708 4167 715 4178 ,
841 4093 967 4186 ejecit,
983 4093 1243 4182 Dominiillius
1261 4097 1426 4170 dolentes
1441 4097 1486 4170 de
1501 4099 1636 4171 amisso
1674 4115 1805 4194 uaestu,
1825 4116 1882 4175 tot
1898 4116 1935 4175 et
1950 4118 2065 4179 tanta
2081 4106 2166 4200 dixe

840 4199 932 4260 runt
953 4189 1241 4300 magistratibus,
1261 4191 1363 4290 quod
1383 4192 1553 4270 fecerent
1577 4195 1629 4268 Pa
1671 4221 1736 4272 um
1759 4209 1796 4272 et
1817 4197 1928 4274 Silam
1950 4201 2075 4300 virgis
2099 4191 2169 4272 ced

836 4295 876 4362 ,et
897 4284 1126 4362 incarcerare
