<?xml version="1.0" encoding="UTF-8"?>
<!DOCTYPE html PUBLIC "-//W3C//DTD XHTML 1.0 Transitional//EN"
    "http://www.w3.org/TR/xhtml1/DTD/xhtml1-transitional.dtd">
<html xmlns="http://www.w3.org/1999/xhtml" xml:lang="en" lang="en">
 <head>
  <title>
</title>
<meta http-equiv="Content-Type" content="text/html;charset=utf-8" />
  <meta name='ocr-system' content='tesseract 3.04.00' />
  <meta name='ocr-capabilities' content='ocr_page ocr_carea ocr_par ocr_line ocrx_word'/>
</head>
<body>
  <div class='ocr_page' id='page_1' title='image "./exemplabiblicai00hanagoog_0137.png"; bbox 0 0 4310 5472; ppageno 0'>
   <div class='ocr_carea' id='block_1_1' title="bbox 688 320 2106 512">
    <p class='ocr_par' dir='ltr' id='par_1_1' title="bbox 688 320 2106 512">
     <span class='ocr_line' id='line_1_1' title="bbox 688 320 2106 512; baseline -0.013 -25"><span class='ocrx_word' id='word_1_1' title='bbox 688 362 698 388; x_wconf 45' lang='grc' dir='ltr'><strong><em>Ι</em></strong></span> <span class='ocrx_word' id='word_1_2' title='bbox 754 320 828 486; x_wconf 69' lang='lat' dir='ltr'>raa</span> <span class='ocrx_word' id='word_1_3' title='bbox 886 392 1151 485; x_wconf 84' lang='lat' dir='ltr'>TITULUS</span> <span class='ocrx_word' id='word_1_4' title='bbox 1174 387 1328 496; x_wconf 83' lang='lat' dir='ltr'>LXVI.</span> <span class='ocrx_word' id='word_1_5' title='bbox 1359 385 1610 508; x_wconf 85' lang='lat' dir='ltr'>Hypocrisis</span> <span class='ocrx_word' id='word_1_6' title='bbox 1635 405 1679 470; x_wconf 84' lang='lat' dir='ltr'>et</span> <span class='ocrx_word' id='word_1_7' title='bbox 1714 379 2018 512; x_wconf 75' lang='lat' dir='ltr'>Siruulatio&#39;.¹</span> <span class='ocrx_word' id='word_1_8' title='bbox 2105 423 2106 434; x_wconf 19' lang='grc' dir='ltr'><strong><em>Ν</em></strong></span> 
     </span>
    </p>
   </div>
   <div class='ocr_carea' id='block_1_2' title="bbox 749 513 2106 552">
    <p class='ocr_par' dir='ltr' id='par_1_2' title="bbox 749 513 2106 552">
     <span class='ocr_line' id='line_1_2' title="bbox 749 513 2106 552; baseline 0 -12"><span class='ocrx_word' id='word_1_9' title='bbox 749 513 2099 552; x_wconf 53' lang='grc' dir='ltr'><strong>Μ</strong></span> <span class='ocrx_word' id='word_1_10' title='bbox 2105 535 2106 540; x_wconf 67' lang='grc'>,</span> 
     </span>
    </p>
   </div>
   <div class='ocr_carea' id='block_1_3' title="bbox 560 603 2097 1387">
    <p class='ocr_par' dir='ltr' id='par_1_3' title="bbox 751 603 2097 907">
     <span class='ocr_line' id='line_1_3' title="bbox 804 603 2097 710; baseline -0.009 -20"><span class='ocrx_word' id='word_1_11' title='bbox 804 645 834 691; x_wconf 93' lang='lat'>1.</span> <span class='ocrx_word' id='word_1_12' title='bbox 857 617 926 690; x_wconf 86' lang='lat' dir='ltr'>Ad.</span> <span class='ocrx_word' id='word_1_13' title='bbox 938 617 1011 691; x_wconf 85' lang='lat' dir='ltr'>Cor</span> <span class='ocrx_word' id='word_1_14' title='bbox 1037 617 1090 710; x_wconf 68' lang='lat'>14.</span> <span class='ocrx_word' id='word_1_15' title='bbox 1109 629 1147 689; x_wconf 88' lang='lat' dir='ltr'>et</span> <span class='ocrx_word' id='word_1_16' title='bbox 1167 613 1330 691; x_wconf 82' lang='lat' dir='ltr'><strong>Thessal.</strong></span> <span class='ocrx_word' id='word_1_17' title='bbox 1349 615 1382 687; x_wconf 88' lang='lat'>3.</span> <span class='ocrx_word' id='word_1_18' title='bbox 1405 611 1540 686; x_wconf 75' lang='lat' dir='ltr'>Verbis</span> <span class='ocrx_word' id='word_1_19' title='bbox 1561 611 1673 684; x_wconf 83' lang='lat' dir='ltr'>etiam</span> <span class='ocrx_word' id='word_1_20' title='bbox 1699 607 1775 682; x_wconf 89' lang='lat' dir='ltr'>suis</span> <span class='ocrx_word' id='word_1_21' title='bbox 1798 627 1953 680; x_wconf 72' lang='lat' dir='ltr'>veram</span> <span class='ocrx_word' id='word_1_22' title='bbox 1979 603 2097 678; x_wconf 83' lang='lat' dir='ltr'>humili·</span> 
     </span>
     <span class='ocr_line' id='line_1_4' title="bbox 751 702 2095 802; baseline -0.01 -14"><span class='ocrx_word' id='word_1_23' title='bbox 751 725 867 788; x_wconf 87' lang='lat' dir='ltr'>tatem</span> <span class='ocrx_word' id='word_1_24' title='bbox 888 715 1047 788; x_wconf 77' lang='lat' dir='ltr'>interius</span> <span class='ocrx_word' id='word_1_25' title='bbox 1073 711 1270 786; x_wconf 86' lang='lat' dir='ltr'>indicabat.</span> <span class='ocrx_word' id='word_1_26' title='bbox 1306 741 1334 786; x_wconf 90' lang='lat'>1.</span> <span class='ocrx_word' id='word_1_27' title='bbox 1354 711 1436 783; x_wconf 92' lang='lat' dir='ltr'>Cor.</span> <span class='ocrx_word' id='word_1_28' title='bbox 1462 709 1513 782; x_wconf 91' lang='lat'>15.</span> <span class='ocrx_word' id='word_1_29' title='bbox 1536 709 1614 802; x_wconf 86' lang='lat' dir='ltr'>Ego</span> <span class='ocrx_word' id='word_1_30' title='bbox 1634 729 1718 780; x_wconf 88' lang='lat' dir='ltr'>sum</span> <span class='ocrx_word' id='word_1_31' title='bbox 1739 702 1944 777; x_wconf 76' lang='lat' dir='ltr'>minimus</span> <span class='ocrx_word' id='word_1_32' title='bbox 1969 704 2095 800; x_wconf 78' lang='lat' dir='ltr'>Aposto</span> 
     </span>
     <span class='ocr_line' id='line_1_5' title="bbox 752 803 2076 907; baseline -0.012 -23"><span class='ocrx_word' id='word_1_33' title='bbox 752 811 896 906; x_wconf 84' lang='lat' dir='ltr'>lorum,</span> <span class='ocrx_word' id='word_1_34' title='bbox 946 811 988 884; x_wconf 93' lang='lat' dir='ltr'>ui</span> <span class='ocrx_word' id='word_1_35' title='bbox 1006 835 1096 884; x_wconf 83' lang='lat' dir='ltr'>non</span> <span class='ocrx_word' id='word_1_36' title='bbox 1124 836 1208 886; x_wconf 90' lang='lat' dir='ltr'>sum</span> <span class='ocrx_word' id='word_1_37' title='bbox 1230 810 1365 907; x_wconf 85' lang='lat' dir='ltr'>diguus</span> <span class='ocrx_word' id='word_1_38' title='bbox 1388 807 1515 883; x_wconf 87' lang='lat' dir='ltr'>vocari</span> <span class='ocrx_word' id='word_1_39' title='bbox 1537 803 1757 900; x_wconf 76' lang='lat' dir='ltr'><strong>Apostolus,</strong></span> <span class='ocrx_word' id='word_1_40' title='bbox 1785 811 1859 872; x_wconf 88' lang='lat' dir='ltr'>etc.</span> <span class='ocrx_word' id='word_1_41' title='bbox 2070 895 2076 904; x_wconf 26' lang='lat'><strong>¹</strong></span> 
     </span>
    </p>

    <p class='ocr_par' dir='ltr' id='par_1_4' title="bbox 560 838 2088 1016">
     <span class='ocr_line' id='line_1_6' title="bbox 560 838 2088 1016; baseline -0.01 -33"><span class='ocrx_word' id='word_1_42' title='bbox 560 926 585 964; x_wconf 87' lang='lat'>¹·</span> <span class='ocrx_word' id='word_1_43' title='bbox 606 905 676 961; x_wconf 81' lang='lat' dir='ltr'>rim.</span> <span class='ocrx_word' id='word_1_44' title='bbox 694 920 718 958; x_wconf 85' lang='lat'>¹·</span> <span class='ocrx_word' id='word_1_45' title='bbox 802 910 879 980; x_wconf 90' lang='lat' dir='ltr'>Et:</span> <span class='ocrx_word' id='word_1_46' title='bbox 913 838 1019 1016; x_wconf 66' lang='lat' dir='ltr'>qusus</span> <span class='ocrx_word' id='word_1_47' title='bbox 1039 907 1146 984; x_wconf 86' lang='lat' dir='ltr'>venit</span> <span class='ocrx_word' id='word_1_48' title='bbox 1167 907 1208 978; x_wconf 92' lang='lat' dir='ltr'>in</span> <span class='ocrx_word' id='word_1_49' title='bbox 1234 905 1339 982; x_wconf 91' lang='lat' dir='ltr'>hunc</span> <span class='ocrx_word' id='word_1_50' title='bbox 1371 901 1557 978; x_wconf 88' lang='lat' dir='ltr'>mundum</span> <span class='ocrx_word' id='word_1_51' title='bbox 1579 911 1785 1001; x_wconf 82' lang='lat' dir='ltr'>peccatores</span> <span class='ocrx_word' id='word_1_52' title='bbox 1813 895 1956 972; x_wconf 82' lang='lat' dir='ltr'>salvos</span> <span class='ocrx_word' id='word_1_53' title='bbox 1980 896 2088 984; x_wconf 80' lang='lat' dir='ltr'>facere,</span> 
     </span>
    </p>

    <p class='ocr_par' dir='ltr' id='par_1_5' title="bbox 560 1014 2085 1387">
     <span class='ocr_line' id='line_1_7' title="bbox 560 1014 2085 1194; baseline -0.012 -20"><span class='ocrx_word' id='word_1_54' title='bbox 560 1102 637 1152; x_wconf 81' lang='lat' dir='ltr'>nom.</span> <span class='ocrx_word' id='word_1_55' title='bbox 659 1112 683 1149; x_wconf 81' lang='lat'>²·</span> <span class='ocrx_word' id='word_1_56' title='bbox 755 1014 1529 1172; x_wconf 49' lang='lat' dir='ltr'>qupppmapnppppsspppoeppnplpoptcsfflicite</span> <span class='ocrx_word' id='word_1_57' title='bbox 1547 1094 1768 1186; x_wconf 84' lang='lat' dir='ltr'>inducebat,</span> <span class='ocrx_word' id='word_1_58' title='bbox 1796 1093 1850 1166; x_wconf 87' lang='lat' dir='ltr'>ait</span> <span class='ocrx_word' id='word_1_59' title='bbox 1879 1089 2003 1162; x_wconf 89' lang='lat' dir='ltr'>enim:</span> <span class='ocrx_word' id='word_1_60' title='bbox 2021 1111 2085 1194; x_wconf 73' lang='lat' dir='ltr'>nor.</span> 
     </span>
     <span class='ocr_line' id='line_1_8' title="bbox 753 1181 2080 1289; baseline -0.003 -23"><span class='ocrx_word' id='word_1_61' title='bbox 753 1193 828 1266; x_wconf 88' lang='lat' dir='ltr'>alta</span> <span class='ocrx_word' id='word_1_62' title='bbox 850 1196 1055 1289; x_wconf 88' lang='lat' dir='ltr'>sapientes,</span> <span class='ocrx_word' id='word_1_63' title='bbox 1081 1196 1365 1269; x_wconf 87' lang='lat' dir='ltr'>consentientes.</span> <span class='ocrx_word' id='word_1_64' title='bbox 1393 1197 1441 1266; x_wconf 91' lang='lat' dir='ltr'>Et</span> <span class='ocrx_word' id='word_1_65' title='bbox 1472 1192 1519 1264; x_wconf 89' lang='lat' dir='ltr'>ad</span> <span class='ocrx_word' id='word_1_66' title='bbox 1544 1190 1801 1288; x_wconf 78' lang='lat' dir='ltr'><strong>Philippenses</strong></span> <span class='ocrx_word' id='word_1_67' title='bbox 1826 1214 1862 1264; x_wconf 82' lang='lat'>2.</span> <span class='ocrx_word' id='word_1_68' title='bbox 1894 1187 1946 1260; x_wconf 86' lang='lat' dir='ltr'>In</span> <span class='ocrx_word' id='word_1_69' title='bbox 1961 1181 2080 1262; x_wconf 67' lang='lat' dir='ltr'>humb·</span> 
     </span>
     <span class='ocr_line' id='line_1_9' title="bbox 753 1287 1705 1387; baseline -0.006 -23"><span class='ocrx_word' id='word_1_70' title='bbox 753 1302 829 1364; x_wconf 86' lang='lat' dir='ltr'>tate</span> <span class='ocrx_word' id='word_1_71' title='bbox 855 1287 1063 1387; x_wconf 84' lang='lat' dir='ltr'>superiores</span> <span class='ocrx_word' id='word_1_72' title='bbox 1085 1291 1157 1364; x_wconf 87' lang='lat' dir='ltr'>sibi</span> <span class='ocrx_word' id='word_1_73' title='bbox 1180 1292 1345 1366; x_wconf 85' lang='lat' dir='ltr'>invicem</span> <span class='ocrx_word' id='word_1_74' title='bbox 1367 1289 1612 1384; x_wconf 83' lang='lat' dir='ltr'><strong>arbitrantes,</strong></span> <span class='ocrx_word' id='word_1_75' title='bbox 1636 1299 1705 1360; x_wconf 88' lang='lat' dir='ltr'>etc.</span> 
     </span>
    </p>
   </div>
   <div class='ocr_carea' id='block_1_4' title="bbox 1118 1481 1741 1776">
    <p class='ocr_par' dir='ltr' id='par_1_6' title="bbox 1118 1481 1741 1776">
     <span class='ocr_line' id='line_1_10' title="bbox 1118 1481 1704 1572; baseline -0.01 0"><span class='ocrx_word' id='word_1_76' title='bbox 1118 1543 1124 1552; x_wconf 88' lang='lat'>-</span> <span class='ocrx_word' id='word_1_77' title='bbox 1164 1483 1475 1572; x_wconf 84' lang='lat' dir='ltr'>TITULUS</span> <span class='ocrx_word' id='word_1_78' title='bbox 1524 1481 1704 1569; x_wconf 87' lang='lat' dir='ltr'><strong>LXVI.</strong></span> 
     </span>
     <span class='ocr_line' id='line_1_11' title="bbox 1129 1655 1741 1776; baseline 0.003 -34"><span class='ocrx_word' id='word_1_79' title='bbox 1129 1659 1386 1776; x_wconf 69' lang='lat' dir='ltr'>Hypocrzsis</span> <span class='ocrx_word' id='word_1_80' title='bbox 1428 1679 1469 1744; x_wconf 83' lang='lat' dir='ltr'>et</span> <span class='ocrx_word' id='word_1_81' title='bbox 1507 1655 1741 1744; x_wconf 66' lang='lat' dir='ltr'>simulatio.</span> 
     </span>
    </p>
   </div>
   <div class='ocr_carea' id='block_1_5' title="bbox 497 1788 2106 3390">
    <p class='ocr_par' dir='ltr' id='par_1_7' title="bbox 497 1788 2106 3390">
     <span class='ocr_line' id='line_1_12' title="bbox 565 1788 2069 1946; baseline 0.003 -28"><span class='ocrx_word' id='word_1_82' title='bbox 565 1845 725 1918; x_wconf 66' lang='lat' dir='ltr'>areg-13.</span> <span class='ocrx_word' id='word_1_83' title='bbox 759 1788 938 1924; x_wconf 71' lang='lat' dir='ltr'>Amnon</span> <span class='ocrx_word' id='word_1_84' title='bbox 958 1847 1060 1928; x_wconf 79' lang='lat' dir='ltr'>filius</span> <span class='ocrx_word' id='word_1_85' title='bbox 1085 1847 1235 1943; x_wconf 81' lang='lat' dir='ltr'>David,</span> <span class='ocrx_word' id='word_1_86' title='bbox 1257 1847 1450 1942; x_wconf 82' lang='lat' dir='ltr'>simulavit</span> <span class='ocrx_word' id='word_1_87' title='bbox 1466 1849 1710 1946; x_wconf 81' lang='lat' dir='ltr'>languorem,</span> <span class='ocrx_word' id='word_1_88' title='bbox 1733 1857 1776 1924; x_wconf 88' lang='lat' dir='ltr'>nt</span> <span class='ocrx_word' id='word_1_89' title='bbox 1796 1853 1919 1946; x_wconf 84' lang='lat' dir='ltr'>posset</span> <span class='ocrx_word' id='word_1_90' title='bbox 1938 1847 2069 1946; x_wconf 71' lang='lat' dir='ltr'>reaper</span> 
     </span>
     <span class='ocr_line' id='line_1_13' title="bbox 760 1943 1472 2044; baseline -0.003 -24"><span class='ocrx_word' id='word_1_91' title='bbox 760 1945 947 2040; x_wconf 83' lang='lat' dir='ltr'><strong>Thamar,</strong></span> <span class='ocrx_word' id='word_1_92' title='bbox 969 1971 1083 2044; x_wconf 89' lang='lat' dir='ltr'>quam</span> <span class='ocrx_word' id='word_1_93' title='bbox 1097 1943 1295 2020; x_wconf 86' lang='lat' dir='ltr'>libidinose</span> <span class='ocrx_word' id='word_1_94' title='bbox 1304 1948 1472 2028; x_wconf 78' lang='lat' dir='ltr'>amabat.</span> 
     </span>
     <span class='ocr_line' id='line_1_14' title="bbox 565 2039 2066 2141; baseline -0.003 -25"><span class='ocrx_word' id='word_1_95' title='bbox 565 2049 592 2100; x_wconf 76' lang='lat'>3·</span> <span class='ocrx_word' id='word_1_96' title='bbox 609 2039 672 2116; x_wconf 67' lang='lat' dir='ltr'>let·</span> <span class='ocrx_word' id='word_1_97' title='bbox 693 2045 733 2113; x_wconf 75' lang='lat'>¹4·</span> <span class='ocrx_word' id='word_1_98' title='bbox 809 2043 921 2116; x_wconf 82' lang='lat' dir='ltr'>Uxor</span> <span class='ocrx_word' id='word_1_99' title='bbox 941 2039 964 2115; x_wconf 86' lang='lat' dir='ltr'>J</span> <span class='ocrx_word' id='word_1_100' title='bbox 965 2042 1137 2118; x_wconf 87' lang='lat' dir='ltr'>eroboam</span> <span class='ocrx_word' id='word_1_101' title='bbox 1154 2097 1164 2134; x_wconf 90' lang='lat'>,</span> <span class='ocrx_word' id='word_1_102' title='bbox 1185 2054 1329 2117; x_wconf 86' lang='lat' dir='ltr'>mutato</span> <span class='ocrx_word' id='word_1_103' title='bbox 1344 2042 1496 2136; x_wconf 86' lang='lat' dir='ltr'>habitu,</span> <span class='ocrx_word' id='word_1_104' title='bbox 1515 2043 1622 2118; x_wconf 84' lang='lat' dir='ltr'>venit</span> <span class='ocrx_word' id='word_1_105' title='bbox 1636 2041 1683 2116; x_wconf 88' lang='lat' dir='ltr'>ad</span> <span class='ocrx_word' id='word_1_106' title='bbox 1697 2039 1857 2116; x_wconf 76' lang='lat' dir='ltr'>abdiam</span> <span class='ocrx_word' id='word_1_107' title='bbox 1875 2040 2066 2141; x_wconf 84' lang='lat' dir='ltr'>prophetam,</span> 
     </span>
     <span class='ocr_line' id='line_1_15' title="bbox 764 2137 1615 2231; baseline -0.004 -20"><span class='ocrx_word' id='word_1_108' title='bbox 764 2138 826 2213; x_wconf 91' lang='lat' dir='ltr'>cui</span> <span class='ocrx_word' id='word_1_109' title='bbox 851 2139 914 2218; x_wconf 79' lang='lat' dir='ltr'>ille</span> <span class='ocrx_word' id='word_1_110' title='bbox 934 2139 1034 2214; x_wconf 86' lang='lat' dir='ltr'><strong>dixit</strong></span> <span class='ocrx_word' id='word_1_111' title='bbox 1057 2165 1065 2210; x_wconf 73' lang='grc' dir='ltr'><strong>ι</strong></span> <span class='ocrx_word' id='word_1_112' title='bbox 1090 2140 1214 2231; x_wconf 84' lang='lat' dir='ltr'><strong>Quare</strong></span> <span class='ocrx_word' id='word_1_113' title='bbox 1241 2139 1351 2212; x_wconf 89' lang='lat' dir='ltr'>aliam</span> <span class='ocrx_word' id='word_1_114' title='bbox 1365 2151 1405 2214; x_wconf 91' lang='lat' dir='ltr'>te</span> <span class='ocrx_word' id='word_1_115' title='bbox 1425 2137 1615 2214; x_wconf 75' lang='lat' dir='ltr'>simulas?</span> 
     </span>
     <span class='ocr_line' id='line_1_16' title="bbox 567 2233 2064 2330; baseline -0.008 -16"><span class='ocrx_word' id='word_1_116' title='bbox 567 2245 595 2314; x_wconf 86' lang='lat' dir='ltr'>l·</span> <span class='ocrx_word' id='word_1_117' title='bbox 615 2247 680 2314; x_wconf 74' lang='lat' dir='ltr'>neg.</span> <span class='ocrx_word' id='word_1_118' title='bbox 701 2245 727 2300; x_wconf 79' lang='lat'>5·</span> <span class='ocrx_word' id='word_1_119' title='bbox 812 2235 938 2329; x_wconf 87' lang='lat' dir='ltr'>Giezi,</span> <span class='ocrx_word' id='word_1_120' title='bbox 968 2235 1134 2309; x_wconf 84' lang='lat' dir='ltr'>famulus</span> <span class='ocrx_word' id='word_1_121' title='bbox 1164 2236 1316 2330; x_wconf 87' lang='lat' dir='ltr'>Elisaei,</span> <span class='ocrx_word' id='word_1_122' title='bbox 1348 2235 1541 2311; x_wconf 89' lang='lat' dir='ltr'>simulavit</span> <span class='ocrx_word' id='word_1_123' title='bbox 1573 2235 1778 2309; x_wconf 90' lang='lat' dir='ltr'>Dominum</span> <span class='ocrx_word' id='word_1_124' title='bbox 1810 2259 1919 2312; x_wconf 86' lang='lat' dir='ltr'>suum</span> <span class='ocrx_word' id='word_1_125' title='bbox 1942 2233 2064 2326; x_wconf 83' lang='lat' dir='ltr'>indigen</span> 
     </span>
     <span class='ocr_line' id='line_1_17' title="bbox 763 2329 2063 2431; baseline -0.005 -29"><span class='ocrx_word' id='word_1_126' title='bbox 763 2329 904 2427; x_wconf 90' lang='lat' dir='ltr'>duplici</span> <span class='ocrx_word' id='word_1_127' title='bbox 931 2344 1034 2408; x_wconf 85' lang='lat' dir='ltr'>veste</span> <span class='ocrx_word' id='word_1_128' title='bbox 1060 2357 1128 2428; x_wconf 94' lang='lat' dir='ltr'>pro</span> <span class='ocrx_word' id='word_1_129' title='bbox 1160 2330 1308 2406; x_wconf 89' lang='lat' dir='ltr'>duobus</span> <span class='ocrx_word' id='word_1_130' title='bbox 1331 2331 1627 2405; x_wconf 82' lang='lat' dir='ltr'>adolescentibus</span> <span class='ocrx_word' id='word_1_131' title='bbox 1650 2355 1700 2405; x_wconf 84' lang='lat' dir='ltr'>cx</span> <span class='ocrx_word' id='word_1_132' title='bbox 1718 2329 1809 2405; x_wconf 91' lang='lat' dir='ltr'>filiis</span> <span class='ocrx_word' id='word_1_133' title='bbox 1833 2332 2063 2431; x_wconf 74' lang='lat' dir='ltr'>prophetarum.</span> 
     </span>
     <span class='ocr_line' id='line_1_18' title="bbox 497 2421 2062 2522; baseline -0.007 -20"><span class='ocrx_word' id='word_1_134' title='bbox 497 2498 499 2502; x_wconf 12' lang='grc' dir='ltr'><em>Α</em></span> <span class='ocrx_word' id='word_1_135' title='bbox 566 2449 593 2491; x_wconf 79' lang='lat'>2·</span> <span class='ocrx_word' id='word_1_136' title='bbox 613 2435 700 2490; x_wconf 70' lang='lat' dir='ltr'>uach.</span> <span class='ocrx_word' id='word_1_137' title='bbox 717 2435 743 2492; x_wconf 81' lang='lat'>⁵·</span> <span class='ocrx_word' id='word_1_138' title='bbox 812 2427 908 2502; x_wconf 91' lang='lat' dir='ltr'>Cum</span> <span class='ocrx_word' id='word_1_139' title='bbox 932 2429 1099 2504; x_wconf 81' lang='lat' dir='ltr'>venisset</span> <span class='ocrx_word' id='word_1_140' title='bbox 1117 2427 1337 2522; x_wconf 82' lang='lat' dir='ltr'>Apollonius</span> <span class='ocrx_word' id='word_1_141' title='bbox 1353 2427 1521 2499; x_wconf 86' lang='lat' dir='ltr'>Hierosol</span> <span class='ocrx_word' id='word_1_142' title='bbox 1554 2451 1651 2501; x_wconf 88' lang='lat' dir='ltr'>mam</span> <span class='ocrx_word' id='word_1_143' title='bbox 1664 2483 1674 2520; x_wconf 95' lang='lat'>,</span> <span class='ocrx_word' id='word_1_144' title='bbox 1689 2427 1830 2504; x_wconf 87' lang='lat' dir='ltr'>missus</span> <span class='ocrx_word' id='word_1_145' title='bbox 1846 2429 1890 2501; x_wconf 86' lang='lat' dir='ltr'>ab</span> <span class='ocrx_word' id='word_1_146' title='bbox 1908 2421 2062 2508; x_wconf 71' lang='lat' dir='ltr'>astato,</span> 
     </span>
     <span class='ocr_line' id='line_1_19' title="bbox 789 2519 2106 2622; baseline -0.002 -29"><span class='ocrx_word' id='word_1_147' title='bbox 789 2547 891 2594; x_wconf 89' lang='lat' dir='ltr'>acem</span> <span class='ocrx_word' id='word_1_148' title='bbox 913 2523 1119 2610; x_wconf 89' lang='lat' dir='ltr'>simulans,</span> <span class='ocrx_word' id='word_1_149' title='bbox 1135 2522 1281 2614; x_wconf 85' lang='lat' dir='ltr'>quievit</span> <span class='ocrx_word' id='word_1_150' title='bbox 1299 2545 1418 2616; x_wconf 89' lang='lat' dir='ltr'>usque</span> <span class='ocrx_word' id='word_1_151' title='bbox 1441 2521 1488 2594; x_wconf 88' lang='lat' dir='ltr'>ad</span> <span class='ocrx_word' id='word_1_152' title='bbox 1535 2522 1606 2596; x_wconf 82' lang='lat' dir='ltr'>‘em</span> <span class='ocrx_word' id='word_1_153' title='bbox 1620 2523 1786 2617; x_wconf 87' lang='lat' dir='ltr'>Sabbati,</span> <span class='ocrx_word' id='word_1_154' title='bbox 1804 2538 1844 2598; x_wconf 91' lang='lat' dir='ltr'>ct</span> <span class='ocrx_word' id='word_1_155' title='bbox 1864 2537 1952 2599; x_wconf 88' lang='lat' dir='ltr'>tunc</span> <span class='ocrx_word' id='word_1_156' title='bbox 1977 2519 2061 2593; x_wconf 67' lang='lat' dir='ltr'>esau</span> <span class='ocrx_word' id='word_1_157' title='bbox 2105 2529 2106 2622; x_wconf 49' lang='lat' dir='ltr'>p</span> 
     </span>
     <span class='ocr_line' id='line_1_20' title="bbox 761 2549 2106 2720; baseline 0.004 -36"><span class='ocrx_word' id='word_1_158' title='bbox 761 2549 926 2704; x_wconf 72' lang='lat' dir='ltr'>ludaeis,</span> <span class='ocrx_word' id='word_1_159' title='bbox 948 2639 1051 2686; x_wconf 87' lang='lat' dir='ltr'>arma</span> <span class='ocrx_word' id='word_1_160' title='bbox 1073 2613 1150 2686; x_wconf 90' lang='lat' dir='ltr'>suis</span> <span class='ocrx_word' id='word_1_161' title='bbox 1171 2637 1212 2684; x_wconf 91' lang='lat' dir='ltr'>ca</span> <span class='ocrx_word' id='word_1_162' title='bbox 1238 2641 1299 2688; x_wconf 85' lang='lat' dir='ltr'>ere</span> <span class='ocrx_word' id='word_1_163' title='bbox 1316 2618 1490 2716; x_wconf 84' lang='lat' dir='ltr'>praecepit</span> <span class='ocrx_word' id='word_1_164' title='bbox 1518 2631 1555 2692; x_wconf 90' lang='lat' dir='ltr'>et</span> <span class='ocrx_word' id='word_1_165' title='bbox 1579 2615 1726 2716; x_wconf 85' lang='lat' dir='ltr'>omnes,</span> <span class='ocrx_word' id='word_1_166' title='bbox 1754 2623 1823 2720; x_wconf 90' lang='lat' dir='ltr'>qui</span> <span class='ocrx_word' id='word_1_167' title='bbox 1849 2620 1897 2693; x_wconf 88' lang='lat' dir='ltr'>ad</span> <span class='ocrx_word' id='word_1_168' title='bbox 1923 2629 2063 2718; x_wconf 77' lang='lat' dir='ltr'>spectacu-</span> <span class='ocrx_word' id='word_1_169' title='bbox 2105 2631 2106 2642; x_wconf 55' lang='lat'>³</span> 
     </span>
     <span class='ocr_line' id='line_1_21' title="bbox 764 2641 1487 2800; baseline 0.003 -20"><span class='ocrx_word' id='word_1_170' title='bbox 764 2707 846 2780; x_wconf 89' lang='lat' dir='ltr'>lum</span> <span class='ocrx_word' id='word_1_171' title='bbox 870 2722 1081 2800; x_wconf 86' lang='lat' dir='ltr'>venerant,</span> <span class='ocrx_word' id='word_1_172' title='bbox 1105 2641 1319 2794; x_wconf 74' lang='lat' dir='ltr'>trucidavit.</span> <span class='ocrx_word' id='word_1_173' title='bbox 1475 2771 1487 2782; x_wconf 82' lang='grc'><em>.</em></span> 
     </span>
     <span class='ocr_line' id='line_1_22' title="bbox 567 2802 2063 2915; baseline 0.005 -42"><span class='ocrx_word' id='word_1_174' title='bbox 567 2805 647 2864; x_wconf 71' lang='lat' dir='ltr'>Prot·</span> <span class='ocrx_word' id='word_1_175' title='bbox 666 2805 691 2859; x_wconf 81' lang='lat'>⁸·</span> <span class='ocrx_word' id='word_1_176' title='bbox 812 2802 995 2892; x_wconf 71' lang='lat' dir='ltr'>Quamuis</span> <span class='ocrx_word' id='word_1_177' title='bbox 1011 2803 1142 2878; x_wconf 84' lang='lat' dir='ltr'>divina</span> <span class='ocrx_word' id='word_1_178' title='bbox 1156 2808 1336 2903; x_wconf 83' lang='lat' dir='ltr'>sapientia</span> <span class='ocrx_word' id='word_1_179' title='bbox 1352 2807 1571 2905; x_wconf 80' lang='lat' dir='ltr'>generaliter</span> <span class='ocrx_word' id='word_1_180' title='bbox 1585 2813 1744 2915; x_wconf 88' lang='lat' dir='ltr'>impium</span> <span class='ocrx_word' id='word_1_181' title='bbox 1759 2811 1964 2906; x_wconf 80' lang='lat' dir='ltr'>detestenrr,</span> <span class='ocrx_word' id='word_1_182' title='bbox 1975 2823 2063 2881; x_wconf 74' lang='lat' dir='ltr'>umet</span> 
     </span>
     <span class='ocr_line' id='line_1_23' title="bbox 733 2897 2061 3004; baseline 0.001 -35"><span class='ocrx_word' id='word_1_183' title='bbox 733 2945 738 2950; x_wconf 91' lang='lat'>-</span> <span class='ocrx_word' id='word_1_184' title='bbox 765 2897 1012 2990; x_wconf 86' lang='lat' dir='ltr'>specialiterh</span> <span class='ocrx_word' id='word_1_185' title='bbox 1042 2900 1193 2994; x_wconf 89' lang='lat' dir='ltr'>pocritis</span> <span class='ocrx_word' id='word_1_186' title='bbox 1212 2905 1461 2977; x_wconf 89' lang='lat' dir='ltr'>comminatur</span> <span class='ocrx_word' id='word_1_187' title='bbox 1475 2907 1665 2982; x_wconf 90' lang='lat' dir='ltr'>multoties</span> <span class='ocrx_word' id='word_1_188' title='bbox 1676 2909 1932 3004; x_wconf 82' lang='lat' dir='ltr'>quvangelio,</span> <span class='ocrx_word' id='word_1_189' title='bbox 1945 2907 2061 2978; x_wconf 69' lang='lat' dir='ltr'>dicens:</span> 
     </span>
     <span class='ocr_line' id='line_1_24' title="bbox 764 2925 2064 3102; baseline 0.003 -40"><span class='ocrx_word' id='word_1_190' title='bbox 764 2991 832 3062; x_wconf 79' lang='lat' dir='ltr'>Vas</span> <span class='ocrx_word' id='word_1_191' title='bbox 853 2991 961 3066; x_wconf 85' lang='lat' dir='ltr'>vobis</span> <span class='ocrx_word' id='word_1_192' title='bbox 977 2925 1184 3068; x_wconf 63' lang='lat' dir='ltr'>Pdansaeis.</span> <span class='ocrx_word' id='word_1_193' title='bbox 1205 2995 1402 3072; x_wconf 77' lang='lat' dir='ltr'>Pharisaeis</span> <span class='ocrx_word' id='word_1_194' title='bbox 1431 3001 1647 3078; x_wconf 84' lang='lat' dir='ltr'>volentibus</span> <span class='ocrx_word' id='word_1_195' title='bbox 1669 3029 1799 3102; x_wconf 88' lang='lat' dir='ltr'>capere</span> <span class='ocrx_word' id='word_1_196' title='bbox 1818 3007 1939 3078; x_wconf 83' lang='lat' dir='ltr'>Jesuut</span> <span class='ocrx_word' id='word_1_197' title='bbox 1953 3001 1989 3074; x_wconf 84' lang='lat' dir='ltr'>iu</span> <span class='ocrx_word' id='word_1_198' title='bbox 2005 3019 2064 3068; x_wconf 85' lang='lat' dir='ltr'>scr·</span> 
     </span>
     <span class='ocr_line' id='line_1_25' title="bbox 764 3087 2033 3202; baseline 0.009 -42"><span class='ocrx_word' id='word_1_199' title='bbox 764 3111 896 3198; x_wconf 77' lang='lat' dir='ltr'>mone,</span> <span class='ocrx_word' id='word_1_200' title='bbox 923 3087 1113 3186; x_wconf 89' lang='lat' dir='ltr'>respondit</span> <span class='ocrx_word' id='word_1_201' title='bbox 1127 3091 1322 3192; x_wconf 90' lang='lat' dir='ltr'>increpans</span> <span class='ocrx_word' id='word_1_202' title='bbox 1342 3121 1429 3170; x_wconf 86' lang='lat' dir='ltr'>eos:</span> <span class='ocrx_word' id='word_1_203' title='bbox 1456 3099 1557 3189; x_wconf 88' lang='lat' dir='ltr'>Quid</span> <span class='ocrx_word' id='word_1_204' title='bbox 1575 3123 1635 3174; x_wconf 86' lang='lat' dir='ltr'>me</span> <span class='ocrx_word' id='word_1_205' title='bbox 1652 3103 1804 3176; x_wconf 86' lang='lat' dir='ltr'>tentatis</span> <span class='ocrx_word' id='word_1_206' title='bbox 1821 3089 2033 3202; x_wconf 80' lang='lat' dir='ltr'>hypocritae‘t</span> 
     </span>
     <span class='ocr_line' id='line_1_26' title="bbox 812 3182 2067 3294; baseline 0.011 -40"><span class='ocrx_word' id='word_1_207' title='bbox 812 3182 974 3273; x_wconf 83' lang='lat' dir='ltr'>Quidam</span> <span class='ocrx_word' id='word_1_208' title='bbox 1001 3197 1114 3282; x_wconf 91' lang='lat' dir='ltr'>sunt,</span> <span class='ocrx_word' id='word_1_209' title='bbox 1142 3191 1208 3286; x_wconf 94' lang='lat' dir='ltr'>qui</span> <span class='ocrx_word' id='word_1_210' title='bbox 1224 3217 1357 3288; x_wconf 89' lang='lat' dir='ltr'>magna</span> <span class='ocrx_word' id='word_1_211' title='bbox 1381 3194 1516 3270; x_wconf 88' lang='lat' dir='ltr'>scelera</span> <span class='ocrx_word' id='word_1_212' title='bbox 1544 3209 1780 3294; x_wconf 77' lang='lat' dir='ltr'>perpetrant,</span> <span class='ocrx_word' id='word_1_213' title='bbox 1806 3210 1844 3271; x_wconf 89' lang='lat' dir='ltr'>et</span> <span class='ocrx_word' id='word_1_214' title='bbox 1860 3197 1991 3270; x_wconf 90' lang='lat' dir='ltr'>modica</span> <span class='ocrx_word' id='word_1_215' title='bbox 2005 3210 2067 3285; x_wconf 75' lang='lat' dir='ltr'>pet·</span> 
     </span>
     <span class='ocr_line' id='line_1_27' title="bbox 764 3277 2067 3390; baseline 0.002 -40"><span class='ocrx_word' id='word_1_216' title='bbox 764 3291 845 3352; x_wconf 88' lang='lat' dir='ltr'>cata</span> <span class='ocrx_word' id='word_1_217' title='bbox 870 3277 1065 3374; x_wconf 80' lang='lat' dir='ltr'>devitant,</span> <span class='ocrx_word' id='word_1_218' title='bbox 1087 3285 1299 3361; x_wconf 84' lang='lat' dir='ltr'>excolentes</span> <span class='ocrx_word' id='word_1_219' title='bbox 1315 3291 1494 3386; x_wconf 88' lang='lat' dir='ltr'>culicem,</span> <span class='ocrx_word' id='word_1_220' title='bbox 1521 3306 1558 3366; x_wconf 89' lang='lat' dir='ltr'>et</span> <span class='ocrx_word' id='word_1_221' title='bbox 1573 3291 1756 3366; x_wconf 88' lang='lat' dir='ltr'>camelum</span> <span class='ocrx_word' id='word_1_222' title='bbox 1782 3286 2067 3390; x_wconf 81' lang='lat' dir='ltr'>glutientes:sicut</span> 
     </span>
    </p>
   </div>
   <div class='ocr_carea' id='block_1_6' title="bbox 568 3377 2106 4068">
    <p class='ocr_par' dir='ltr' id='par_1_8' title="bbox 761 3377 2068 3544">
     <span class='ocr_line' id='line_1_28' title="bbox 761 3377 2068 3544; baseline 0.011 -97"><span class='ocrx_word' id='word_1_223' title='bbox 761 3377 947 3544; x_wconf 74' lang='lat' dir='ltr'>principes</span> <span class='ocrx_word' id='word_1_224' title='bbox 970 3377 1225 3474; x_wconf 89' lang='lat' dir='ltr'>sacerdotum,</span> <span class='ocrx_word' id='word_1_225' title='bbox 1253 3389 1320 3480; x_wconf 94' lang='lat' dir='ltr'>qui</span> <span class='ocrx_word' id='word_1_226' title='bbox 1342 3389 1458 3481; x_wconf 85' lang='lat' dir='ltr'>magis</span> <span class='ocrx_word' id='word_1_227' title='bbox 1486 3389 1697 3462; x_wconf 90' lang='lat' dir='ltr'>timuerunt</span> <span class='ocrx_word' id='word_1_228' title='bbox 1726 3391 1866 3464; x_wconf 86' lang='lat' dir='ltr'>intrare</span> <span class='ocrx_word' id='word_1_229' title='bbox 1887 3381 2068 3484; x_wconf 78' lang='lat' dir='ltr'>praetorlum</span> 
     </span>
    </p>

    <p class='ocr_par' dir='ltr' id='par_1_9' title="bbox 792 3473 1887 3578">
     <span class='ocr_line' id='line_1_29' title="bbox 792 3473 1887 3578; baseline 0.012 -35"><span class='ocrx_word' id='word_1_230' title='bbox 792 3473 893 3562; x_wconf 82' lang='lat' dir='ltr'>ilatr,</span> <span class='ocrx_word' id='word_1_231' title='bbox 920 3499 1033 3569; x_wconf 90' lang='lat' dir='ltr'>quam</span> <span class='ocrx_word' id='word_1_232' title='bbox 1054 3477 1281 3576; x_wconf 80' lang='lat' dir='ltr'>nequissime</span> <span class='ocrx_word' id='word_1_233' title='bbox 1307 3507 1505 3578; x_wconf 88' lang='lat' dir='ltr'>procurare</span> <span class='ocrx_word' id='word_1_234' title='bbox 1528 3487 1669 3558; x_wconf 90' lang='lat' dir='ltr'>crimen</span> <span class='ocrx_word' id='word_1_235' title='bbox 1685 3483 1887 3560; x_wconf 89' lang='lat' dir='ltr'>homicidii.</span> 
     </span>
    </p>

    <p class='ocr_par' dir='ltr' id='par_1_10' title="bbox 569 3567 2106 3964">
     <span class='ocr_line' id='line_1_30' title="bbox 569 3567 2106 3678; baseline 0.016 -43"><span class='ocrx_word' id='word_1_236' title='bbox 569 3579 632 3635; x_wconf 79' lang='lat' dir='ltr'>Luc.</span> <span class='ocrx_word' id='word_1_237' title='bbox 654 3581 696 3634; x_wconf 76' lang='lat'>13.</span> <span class='ocrx_word' id='word_1_238' title='bbox 791 3567 1139 3676; x_wconf 29' lang='lat' dir='ltr'>‘Archisyuagogus</span> <span class='ocrx_word' id='word_1_239' title='bbox 1168 3573 1390 3672; x_wconf 85' lang='lat' dir='ltr'>indignans,</span> <span class='ocrx_word' id='word_1_240' title='bbox 1419 3582 1508 3678; x_wconf 88' lang='lat' dir='ltr'>quia</span> <span class='ocrx_word' id='word_1_241' title='bbox 1539 3580 1722 3654; x_wconf 88' lang='lat' dir='ltr'>Dominus</span> <span class='ocrx_word' id='word_1_242' title='bbox 1753 3583 1915 3656; x_wconf 88' lang='lat' dir='ltr'>Sabbato</span> <span class='ocrx_word' id='word_1_243' title='bbox 1947 3579 2068 3676; x_wconf 66' lang='lat' dir='ltr'>coraula</span> <span class='ocrx_word' id='word_1_244' title='bbox 2105 3651 2106 3660; x_wconf 72' lang='grc'>,</span> 
     </span>
     <span class='ocr_line' id='line_1_31' title="bbox 761 3661 2106 3775; baseline 0.021 -42"><span class='ocrx_word' id='word_1_245' title='bbox 761 3661 905 3774; x_wconf 68' lang='lat' dir='ltr'>dicebat</span> <span class='ocrx_word' id='word_1_246' title='bbox 936 3668 1056 3740; x_wconf 86' lang='lat' dir='ltr'>turbae</span> <span class='ocrx_word' id='word_1_247' title='bbox 1077 3695 1085 3740; x_wconf 75' lang='grc' dir='ltr'>ε</span> <span class='ocrx_word' id='word_1_248' title='bbox 1110 3673 1184 3744; x_wconf 85' lang='lat' dir='ltr'>Sex</span> <span class='ocrx_word' id='word_1_249' title='bbox 1209 3669 1287 3747; x_wconf 90' lang='lat' dir='ltr'>dics</span> <span class='ocrx_word' id='word_1_250' title='bbox 1315 3687 1428 3768; x_wconf 91' lang='lat' dir='ltr'>sunt,</span> <span class='ocrx_word' id='word_1_251' title='bbox 1460 3676 1668 3772; x_wconf 88' lang='lat' dir='ltr'>inquibus</span> <span class='ocrx_word' id='word_1_252' title='bbox 1702 3688 1849 3773; x_wconf 88' lang='lat' dir='ltr'>oportet</span> <span class='ocrx_word' id='word_1_253' title='bbox 1881 3673 2069 3775; x_wconf 47' lang='lat' dir='ltr'>operansm</span> <span class='ocrx_word' id='word_1_254' title='bbox 2105 3681 2106 3706; x_wconf 60' lang='lat'>¹</span> 
     </span>
     <span class='ocr_line' id='line_1_32' title="bbox 761 3757 2106 3862; baseline 0.012 -33"><span class='ocrx_word' id='word_1_255' title='bbox 761 3757 823 3830; x_wconf 87' lang='lat' dir='ltr'>lus</span> <span class='ocrx_word' id='word_1_256' title='bbox 849 3785 934 3856; x_wconf 85' lang='lat' dir='ltr'>ergo</span> <span class='ocrx_word' id='word_1_257' title='bbox 962 3765 1148 3839; x_wconf 76' lang='lat' dir='ltr'>reniteat</span> <span class='ocrx_word' id='word_1_258' title='bbox 1175 3771 1381 3862; x_wconf 85' lang='lat' dir='ltr'>curamini,</span> <span class='ocrx_word' id='word_1_259' title='bbox 1411 3783 1448 3844; x_wconf 90' lang='lat' dir='ltr'>et</span> <span class='ocrx_word' id='word_1_260' title='bbox 1474 3776 1617 3846; x_wconf 91' lang='lat' dir='ltr'>nonin</span> <span class='ocrx_word' id='word_1_261' title='bbox 1650 3773 1710 3846; x_wconf 89' lang='lat' dir='ltr'>die</span> <span class='ocrx_word' id='word_1_262' title='bbox 1740 3772 1902 3847; x_wconf 81' lang='lat' dir='ltr'>S&#39;abbati.</span> <span class='ocrx_word' id='word_1_263' title='bbox 1932 3768 2071 3850; x_wconf 67' lang='lat' dir='ltr'>Doulou</span> <span class='ocrx_word' id='word_1_264' title='bbox 2105 3757 2106 3830; x_wconf 85' lang='lat' dir='ltr'>l</span> 
     </span>
     <span class='ocr_line' id='line_1_33' title="bbox 762 3855 1628 3964; baseline 0.015 -39"><span class='ocrx_word' id='word_1_265' title='bbox 762 3865 886 3927; x_wconf 87' lang='lat' dir='ltr'>autem</span> <span class='ocrx_word' id='word_1_266' title='bbox 915 3855 1024 3932; x_wconf 88' lang='lat' dir='ltr'>illum</span> <span class='ocrx_word' id='word_1_267' title='bbox 1050 3866 1194 3956; x_wconf 85' lang='lat' dir='ltr'>arguit,</span> <span class='ocrx_word' id='word_1_268' title='bbox 1221 3861 1457 3964; x_wconf 80' lang='lat' dir='ltr'>hypocritam</span> <span class='ocrx_word' id='word_1_269' title='bbox 1481 3891 1628 3940; x_wconf 76' lang='lat' dir='ltr'>vocans.</span> 
     </span>
    </p>

    <p class='ocr_par' dir='ltr' id='par_1_11' title="bbox 568 3949 2076 4068">
     <span class='ocr_line' id='line_1_34' title="bbox 568 3949 2076 4068; baseline 0.011 -46"><span class='ocrx_word' id='word_1_270' title='bbox 568 3968 659 4024; x_wconf 78' lang='lat' dir='ltr'>Actor.</span> <span class='ocrx_word' id='word_1_271' title='bbox 679 3970 705 4025; x_wconf 80' lang='lat' dir='ltr'>t.</span> <span class='ocrx_word' id='word_1_272' title='bbox 811 3949 950 4026; x_wconf 87' lang='lat' dir='ltr'>Malam</span> <span class='ocrx_word' id='word_1_273' title='bbox 971 3952 1205 4049; x_wconf 89' lang='lat' dir='ltr'>hypocrisim</span> <span class='ocrx_word' id='word_1_274' title='bbox 1229 3963 1497 4035; x_wconf 87' lang='lat' dir='ltr'>commiserunt</span> <span class='ocrx_word' id='word_1_275' title='bbox 1526 3963 1713 4056; x_wconf 79' lang='lat' dir='ltr'>Ananias,</span> <span class='ocrx_word' id='word_1_276' title='bbox 1744 3975 1781 4037; x_wconf 84' lang='lat' dir='ltr'>et</span> <span class='ocrx_word' id='word_1_277' title='bbox 1807 3988 1913 4040; x_wconf 83' lang='lat' dir='ltr'>uxor</span> <span class='ocrx_word' id='word_1_278' title='bbox 1946 3971 2019 4065; x_wconf 79' lang='lat' dir='ltr'>ejus</span> <span class='ocrx_word' id='word_1_279' title='bbox 2037 3953 2076 4068; x_wconf 87' lang='grc' dir='ltr'>ὃὸ·</span> 
     </span>
    </p>
   </div>
   <div class='ocr_carea' id='block_1_7' title="bbox 761 4045 2076 4239">
    <p class='ocr_par' dir='ltr' id='par_1_12' title="bbox 761 4045 2076 4239">
     <span class='ocr_line' id='line_1_35' title="bbox 761 4045 2076 4158; baseline 0.014 -40"><span class='ocrx_word' id='word_1_280' title='bbox 761 4045 891 4144; x_wconf 81' lang='lat' dir='ltr'>phire,</span> <span class='ocrx_word' id='word_1_281' title='bbox 920 4047 1138 4120; x_wconf 84' lang='lat' dir='ltr'>simulantes</span> <span class='ocrx_word' id='word_1_282' title='bbox 1161 4078 1199 4124; x_wconf 87' lang='lat' dir='ltr'>se</span> <span class='ocrx_word' id='word_1_283' title='bbox 1224 4066 1348 4130; x_wconf 89' lang='lat' dir='ltr'>totum</span> <span class='ocrx_word' id='word_1_284' title='bbox 1374 4059 1452 4154; x_wconf 87' lang='lat' dir='ltr'>agri</span> <span class='ocrx_word' id='word_1_285' title='bbox 1477 4059 1640 4156; x_wconf 88' lang='lat' dir='ltr'>pretium</span> <span class='ocrx_word' id='word_1_286' title='bbox 1666 4061 1858 4158; x_wconf 86' lang='lat' dir='ltr'>attulisse,</span> <span class='ocrx_word' id='word_1_287' title='bbox 1881 4076 1923 4137; x_wconf 90' lang='lat' dir='ltr'>et</span> <span class='ocrx_word' id='word_1_288' title='bbox 1945 4063 1991 4139; x_wconf 86' lang='lat' dir='ltr'>ad</span> <span class='ocrx_word' id='word_1_289' title='bbox 2003 4065 2076 4156; x_wconf 64' lang='lat' dir='ltr'>p&#39;ffi</span> 
     </span>
     <span class='ocr_line' id='line_1_36' title="bbox 762 4143 1736 4239; baseline 0.005 -24"><span class='ocrx_word' id='word_1_290' title='bbox 762 4143 1022 4239; x_wconf 81' lang='lat' dir='ltr'>Apostolorum</span> <span class='ocrx_word' id='word_1_291' title='bbox 1053 4147 1230 4237; x_wconf 88' lang='lat' dir='ltr'>posuisse.</span> <span class='ocrx_word' id='word_1_292' title='bbox 1734 4187 1736 4194; x_wconf 52' lang='lat'>1</span> 
     </span>
    </p>
   </div>
   <div class='ocr_carea' id='block_1_8' title="bbox 570 3175 731 3302">
    <p class='ocr_par' dir='ltr' id='par_1_13' title="bbox 570 3175 731 3302">
     <span class='ocr_line' id='line_1_37' title="bbox 571 3175 731 3230; baseline 0 0"><span class='ocrx_word' id='word_1_293' title='bbox 571 3175 669 3230; x_wconf 77' lang='lat' dir='ltr'>Matth.</span> <span class='ocrx_word' id='word_1_294' title='bbox 689 3191 731 3230; x_wconf 78' lang='lat'>22.</span> 
     </span>
     <span class='ocr_line' id='line_1_38' title="bbox 570 3247 709 3302; baseline -0.007 -4"><span class='ocrx_word' id='word_1_295' title='bbox 570 3247 647 3300; x_wconf 82' lang='lat' dir='ltr'>Joau·</span> <span class='ocrx_word' id='word_1_296' title='bbox 663 3247 709 3302; x_wconf 72' lang='lat' dir='ltr'>tt.</span> 
     </span>
    </p>
   </div>
   <div class='ocr_carea' id='block_1_9' title="bbox 569 4211 2083 4372">
    <p class='ocr_par' dir='ltr' id='par_1_14' title="bbox 569 4211 2083 4372">
     <span class='ocr_line' id='line_1_39' title="bbox 569 4211 2083 4372; baseline 0.025 -74"><span class='ocrx_word' id='word_1_297' title='bbox 569 4243 661 4302; x_wconf 74' lang='lat' dir='ltr'>Actor.</span> <span class='ocrx_word' id='word_1_298' title='bbox 680 4245 705 4300; x_wconf 84' lang='lat' dir='ltr'>a.</span> <span class='ocrx_word' id='word_1_299' title='bbox 748 4357 753 4372; x_wconf 34' lang='grc' dir='ltr'><strong><em>Ι</em></strong></span> <span class='ocrx_word' id='word_1_300' title='bbox 808 4237 993 4340; x_wconf 72' lang='lat' dir='ltr'>Quamvis</span> <span class='ocrx_word' id='word_1_301' title='bbox 1020 4231 1148 4316; x_wconf 84' lang='lat' dir='ltr'>Simon</span> <span class='ocrx_word' id='word_1_302' title='bbox 1173 4267 1304 4342; x_wconf 86' lang='lat' dir='ltr'>magus</span> <span class='ocrx_word' id='word_1_303' title='bbox 1326 4248 1540 4326; x_wconf 85' lang='lat' dir='ltr'>credidisset</span> <span class='ocrx_word' id='word_1_304' title='bbox 1569 4250 1610 4328; x_wconf 90' lang='lat' dir='ltr'>in</span> <span class='ocrx_word' id='word_1_305' title='bbox 1635 4211 1898 4349; x_wconf 79' lang='lat' dir='ltr'>praedicatione</span> <span class='ocrx_word' id='word_1_306' title='bbox 1928 4237 2083 4346; x_wconf 67' lang='lat' dir='ltr'>Plrilllllt</span> 
     </span>
    </p>
   </div>
   <div class='ocr_carea' id='block_1_10' title="bbox 0 0 2162 5472">
    <p class='ocr_par' dir='ltr' id='par_1_15' title="bbox 0 0 2162 5472">
     <span class='ocr_line' id='line_1_40' title="bbox 0 0 2162 5472; baseline 0 0"><span class='ocrx_word' id='word_1_307' title='bbox 0 0 2162 5472; x_wconf 95' lang='lat' dir='ltr'> </span> 
     </span>
    </p>
   </div>
  </div>
 </body>
</html>
