4498 5462
721 409 801 496 aad
886 405 1152 497 TITULUS
1192 401 1614 494 criminandum
1652 413 1916 530 acceptatio)

730 537 2076 576 mm

1081 642 1457 730 TITULUS
1519 641 1716 732 CXIII.

1148 819 1373 904 Manatum
1403 819 1649 928 acceptatio.

527 1033 596 1089 cen.
613 1028 654 1098 14
721 945 938 1088 Abraham
960 1013 1083 1086 noluit
1105 976 1269 1106 accipere
1291 1031 1463 1101 munera,
1484 1031 1570 1102 quae
1595 1007 1734 1083 obtulit
1756 1013 1792 1085 ei
1813 1037 1885 1088 rex
1901 1018 2081 1096 Sodomo³

721 1133 827 1203 rum,
860 1111 946 1184 licet
967 1110 1046 1205 ipse
1071 1109 1209 1204 optime
1238 1104 1451 1198 meruisset,
1481 1101 1632 1199 quando
1654 1130 1830 1182 reversus
1862 1109 1936 1186 fuit
1961 1119 2080 1192 Abra-

721 1203 813 1276 ham
836 1232 858 1278 a
881 1204 980 1278 caede
1000 1215 1171 1314 'quatuor
1194 1223 1335 1295 regum.
1368 1227 1372 1236 ·

397 1340 402 1346 .
531 1299 599 1355 cen.
618 1297 660 1350 32·
771 1305 928 1375 Munera
957 1303 1059 1374 misit
1083 1297 1198 1371 Jacob
1228 1293 1353 1369 offeni
1378 1297 1479 1371 Esau
1503 1293 1614 1368 fiatri
1640 1319 1729 1393 suo,
1752 1311 1797 1374 ut
1828 1319 2079 1402 compesceret

722 1421 932 1472 nameus.

526 1486 612 1543 1⁸⁰&
634 1488 679 1540 36·
772 1424 929 1566 Moriere
950 1492 1168 1566 obtulerunt
1190 1489 1259 1564 filii
1281 1490 1394 1564 Israel
1416 1489 1463 1562 ad
1484 1513 1578 1587 opus
1601 1489 1833 1562 tabernaculi
1857 1491 2013 1566 Domini
2033 1498 2079 1571 in

724 1598 830 1660 tanta
854 1589 1081 1685 quantitate,
1103 1586 1205 1684 quod
1227 1587 1339 1684 jussit
1361 1589 1511 1684 Moyses
1534 1583 1698 1678 clamari,
1722 1597 1765 1658 ut
1782 1583 1909 1658 nullus
1927 1587 2077 1685 aliquid

723 1683 882 1756 ulterius
905 1684 1062 1758 offerret.
1934 1779 1955 1793 ..

529 1777 611 1831 Num.
629 1793 672 1830 ²²·
773 1779 979 1852 Mercedem
999 1779 1211 1878 iniquitatis
1228 1780 1370 1854 amavit
1389 1777 1561 1871 Balaam,
1579 1785 1614 1850 et
1629 1777 1702 1852 ivit
1722 1799 1811 1848 cum
1827 1799 1979 1851 nuncus
2000 1778 2077 1852 Ba·

723 1871 822 1968 laac,
848 1877 914 1972 qui
936 1873 1180 1950 divinationis
1203 1876 1366 1970 pretium
1387 1873 1575 1946 habebant
1595 1873 1638 1945 in
1652 1871 1839 1944 manibus.

530 1971 617 2028 audie.
636 1973 662 2024 3·
773 1969 853 2042 Aod
872 1970 1008 2045 obtulit
1025 1995 1183 2048 munera
1198 1969 1318 2066 Eglon
1329 1969 1408 2068 regi
1422 1969 1550 2064 Mo'ab,
1565 1979 1602 2042 et
1619 1978 1745 2064 postea
1762 1979 1903 2042 secreto
1917 1967 2079 2067 loquens

528 2059 530 2064 ’
727 2090 813 2139 cum
837 2093 896 2159 eo,
916 2069 1098 2163 percussit
1120 2091 1208 2140 eum
1233 2067 1413 2162 graviter,
1441 2075 1479 2137 et
1501 2063 1646 2138 occidit.

528 2156 617 2211 Μὴ·
634 2157 674 2209 ¹⁶·
773 2162 921 2236 Inimici
947 2163 1101 2238 Samson
1114 2163 1312 2260 pecuniam
1324 2159 1454 2235 Dalilae
1468 2160 1738 2258 promiserunt,
1753 2173 1791 2234 et
1804 2183 1905 2255 eam,
1916 2173 1962 2236 ut
1974 2159 2083 2235 illum

727 2256 929 2355 deciperet,
949 2258 1196 2334 induxerunt.
1826 2325 1842 2352 s
1866 2355 1873 2368 .

410 2349 415 2360 ’
533 2392 557 2429 ι.
571 2375 634 2443 aeg.
647 2371 674 2424 8.
774 2353 830 2427 De
849 2353 936 2428 filiis
959 2356 1107 2431 Samuel
1128 2353 1267 2429 dicitur
1288 2381 1296 2425 :
1319 2354 1613 2431 Declinaverunt
1630 2367 1715 2452 post
1739 2355 1949 2462 avaritiam3
1970 2375 2081 2424 acce-

612 2495 616 2502 ·
726 2463 865 2546 perant
891 2457 1058 2526 munera.
1082 2454 1130 2526 Et
1152 2451 1278 2524 statim
1308 2452 1479 2548 sequitur
1504 2476 1512 2521 t
1536 2450 1805 2526 Perverterunt
1836 2448 2029 2546 judicmm.

531 2580 557 2621 ι.
576 2567 638 2634 neg.
651 2581 690 2618 ια.
775 2543 859 2618 Non
875 2545 950 2618 fuit
965 2548 1189 2643 ‚impositum
1204 2546 1380 2640 Samueli‚
1400 2547 1467 2644 qui
1483 2546 1619 2644 viginti
1634 2549 1744 2620 annis
1763 2546 1943 2644 populum
1965 2543 2081 2620 lsrael

726 2635 978 2732 judicaverat,
991 2640 1093 2736 quod
1108 2664 1278 2735 unquam
1295 2667 1452 2716 munera
1473 2643 1520 2715 ab
1549 2641 1600 2714 ali
1626 2669 1676 2716 uo
1703 2647 1911 2739 accepisset.

530 2763 557 2800 ²·
576 2743 696 2812 aeg-16.
775 2731 921 2826 Xenia‚
935 2760 1019 2830 quas
1036 2735 1172 2810 obtulit
1187 2735 1272 2810 siba
1310 2764 1379 2813 uer
1388 2737 1596 2833 Miphibose
1655 2737 1793 2828 David,
1812 2763 1835 2807 a
1851 2733 1945 2806 facie
1959 2733 2074 2804 Absa-

726 2826 792 2899 lon
814 2827 989 2922 fugienti,
1011 2831 1192 2905 videntur
1217 2765 1417 2905 inclinasse
1442 2835 1747 2932 animumipsius
1768 2829 1886 2908 David
1911 2825 2070 2922 adhoc,

728 2919 829 3014 quod
852 2931 981 2993 contra
1006 2923 1197 2998 absentem
1218 2926 1394 3094 iniguum
1416 2929 1505 3002 tulit
1525 2929 1717 3026 judicium.

531 3033 556 3085 t.
570 3031 632 3099 neg·
651 3044 692 3081 ιο.
775 3014 915 3110 Regina
935 3015 1028 3089 Saba
1043 3017 1145 3092 dedit
1169 3021 1248 3116 regi
1298 3021 1460 3097 alomcni
1487 3037 1640 3099 centum
1662 3022 1793 3121 viginti
1812 3021 1953 3118 talenta
1967 3017 2075 3130 anri,

708 3122 892 3184 aromata
911 3113 1051 3208 multa,
1078 3127 1116 3189 et
1137 3140 1299 3212 gemmas
1317 3121 1506 3215 pretiosas.
1529 3122 1612 3194 Rex
1633 3133 1759 3194 autem
1781 3119 1954 3192 Salomon
1974 3113 2081 3188 dedit

727 3207 762 3280 ei
782 3208 925 3301 omnia,
948 3235 1032 3306 quae
1045 3212 1189 3307 voluit,
1216 3225 1253 3288 et
1271 3239 1356 3312 quae
1377 3217 1512 3312 petivit
1533 3217 1681 3313 abillo,
1702 3217 1868 3314 exceptis
1891 3212 1950 3286 his
1956 3267 1968 3308 ,
1991 3233 2078 3309 quae

725 3301 827 3376 ultro
847 3304 1032 3379 obtulerat
1052 3307 1094 3379 ei·
1108 3334 1264 3382 munere
1284 3312 1396 3406 regio.

531 3425 556 3464 a·
576 3409 638 3478 aeg.
656 3407 707 3462 ult·
773 3400 1053 3476 Areunavoluit
1063 3401 1514 3502 offerreDavidaream,et
1525 3410 1650 3484 omnia
1661 3409 1708 3482 ad
1719 3405 2075 3483 sacrificiumneces·

727 3497 838 3591 saria,
848 3506 885 3569 et
900 3495 962 3570 ille
973 3498 1095 3572 noluit
1105 3500 1220 3595 gratis
1231 3502 1410 3598 accipere,
1420 3529 1490 3576 nec
1502 3505 1725 3580 sacrificium
1737 3503 1784 3578 de
1800 3503 1921 3576 alieno
1932 3497 2076 3573 offerre.

530 3615 557 3667 s.
579 3617 641 3686 aeg.
667 3613 707 3669 ιε.
774 3593 855 3666 Rex
873 3594 992 3691 Syriae
1009 3595 1183 3669 Benadad
1199 3594 1323 3670 foedus
1338 3596 1500 3672 habebat
1521 3625 1608 3674 cum
1622 3602 1738 3674 Bassa
1756 3597 1987 3696 regelsrael:
2006 3592 2076 3668 Scd

751 3701 876 3784 ropter
893 3713 1064 3784 inanem,
1091 3715 1175 3786 quae
1201 3694 1304 3766 misit
1326 3695 1361 3767 ei
1382 3697 1460 3768 Aza
1476 3719 1547 3772 rex
1561 3697 1584 3769 J
1586 3695 1674 3791 uda,
1695 3709 1808 3794 rupto
1828 3694 1971 3768 foedere
1990 3713 2077 3764 cum

725 3713 860 3874 gaitsa,
877 3786 1039 3877 graviter
1063 3788 1113 3858 im
1143 3791 1299 3882 ugnavit
1320 3779 1427 3862 eum'

530 3904 556 3970 4.
575 3901 645 3970 prag.
665 3899 691 3955 5.
774 3875 940 3949 Naaman
967 3880 1085 3976 Syrus
1107 3811 1182 3955 lpuit
1199 3882 1325 3958 animo
1348 3896 1451 3980 grato
1468 3887 1515 3959 ab
1533 3886 1672 3962 Elisaeo‘
1691 3899 1851 3962 curatus.
1879 3886 1929 3958 Et
1947 3895 2081 3956 tamen

727 3967 855 4062 Giezi,
877 3973 966 4066 quia
991 3976 1038 4044 ab
1057 4001 1100 4047 eo
1115 3980 1258 4074 accepit
1272 4005 1444 4073 munera,
1470 3981 1545 4059 fuit
1566 3985 1672 4080 gravi
1696 3983 1803 4081 plaga
1864 4005 2032 4054 rcussus.

529 4095 556 4166 4,
571 4097 636 4166 aeg·
649 4113 691 4150 20,
772 4063 876 4138 Misit
899 4091 971 4138 rex
991 4067 1196 4166 Babylonis
1217 4074 1359 4148 litteras
1392 4089 1427 4148 et
1450 4101 1607 4152 munera
1640 4079 1688 4152 ad
1717 4082 1815 4152 Erec
1846 4079 1921 4150 'am
1950 4087 1986 4149 et
2016 4097 2080 4146 se-

725 4159 889 4254 quiturz
915 4161 1079 4236 Laetatus
1111 4178 1167 4240 est
1198 4181 1324 4242 autem
1351 4171 1531 4246 Ezechias
1560 4175 1603 4249 in
1636 4174 1804 4256 adventu
1839 4197 1976 4252 corum·
2000 4165 2079 4239 Sed

724 4267 815 4332 nota
833 4256 909 4356 ibi,
935 4258 1121 4360 quomodo
1147 4261 1377 4362 displicuerit
1405 4267 1576 4346 Domino.
1946 4361 1978 4438 A
1997 4357 2028 4434 h

1978 4383 1999 4434 c
2029 4383 2080 4432 az
