4310 5472
449 455 714 545 nunus
751 458 836 546 m.
886 409 1026 545 rua.
1361 459 1413 569 95

55 589 1421 627 ..---—----·--—-——-----·---

110 685 321 760 Nolueruut
347 677 423 753 viri
438 676 582 764 David,
604 675 706 772 quod
724 677 803 773 ipse
834 677 956 748 exiret
975 697 1062 746 cum
1081 674 1135 746 eis
1157 671 1203 745 ad
1222 675 1416 769 praelium‚
1437 705 1462 740 ι.
1480 689 1543 754 neg.
1558 684 1598 736 a.

34 795 37 803 '
59 785 256 858 dicentes:
284 777 343 848 Tu
372 799 473 846 unus
492 799 560 868 pro
581 770 709 844 decem
732 771 898 845 millibus
918 771 1154 866 computaris.
1182 771 1228 841 ln
1250 797 1326 868 quo
1353 796 1418 868 ap-

57 879 206 978 paruit,
232 871 332 970 quod
354 869 515 942 fideliter
535 865 737 960 diligebant
759 893 856 939 eum.
883 867 932 938 Et
955 867 1126 962 sequenti
1149 865 1235 961 Cap.
1253 893 1310 938 21.
1334 867 1419 939 Jam

57 1000 143 1048 non
167 967 364 1136 egrqdieris
390 963 589 1036 nobiscum
622 959 669 1032 ad
695 961 890 1056 praelium,
922 987 970 1034 ne
998 962 1197 1057 extinguas
1226 961 1420 1036 lucernam

59 1073 108 1143 in
135 1071 262 1142 Isra'e.

117 1165 315 1258 separatus
341 1151 464 1226 omnis
489 1149 604 1220 Israel
626 1173 648 1219 a
671 1150 794 1222 David
816 1162 1039 1245 secutusque
1062 1163 1119 1223 est
1142 1154 1273 1223 Sebam
1300 1151 1423 1224 filium
1441 1173 1542 1239 anag.
1558 1185 1602 1224 20.

60 1256 218 1332 Bochri.
245 1249 330 1321 Viri
347 1259 470 1319 autem
496 1242 594 1314 Juda
612 1243 851 1318 adheserunt
875 1245 952 1337 regi
973 1271 1059 1337 suo,
1088 1257 1270 1341 tanquam
1296 1243 1422 1318 fideles

64 1350 268 1436 videlicet,
300 1355 337 1414 et
360 1349 581 1413 constantes.
672 1417 676 1424 ,

120 1446 212 1516 Tres
231 1440 307 1514 viri
337 1434 588 1510 robustissimi
606 1431 766 1506 fideliter
782 1433 1031 1507 defenderunt
1046 1434 1170 1509 David
1193 1446 1425 1528 pugnantem
1443 1463 1464 1498 ι·
1484 1444 1543 1496 Par.
1559 1455 1598 1490 ¹¹·

69 1552 204 1614 contra
226 1533 456 1628 Philistum„
472 1541 509 1600 et
530 1528 739 1602 attulerunt
762 1531 797 1602 ei
817 1529 863 1602 de
880 1555 978 1627 aqua
995 1531 1165 1604 cisternae
1186 1529 1425 1622 Bethlehem,

68 1659 186 1734 quam
209 1655 293 1703 cum
322 1625 506 1700 desiderio
528 1649 664 1720 magno
686 1625 852 1720 petierat.
1360 1615 1362 1623 ⁴

119 1725 236 1800 Valde
256 1724 416 1797 fideliter
439 1722 513 1816 egit
534 1718 666 1815 Jojada
683 1720 863 1794 Pontifex
879 1745 966 1794 cum
983 1721 1068 1794 Joas
1090 1721 1169 1796 fibo
1187 1721 1315 1794 loram
1330 1723 1426 1816 regis
1444 1735 1470 1804 4.
1483 1737 1546 1802 neg.
1562 1747 1602 1782 ιι,

70 1826 94 1898 J
97 1824 194 1914 uda,
218 1823 306 1894 licet
332 1817 428 1892 male
457 1818 715 1911 recognoverit
740 1831 878 1912 postea.
1346 1875 1359 1910 ,

122 1918 238 1990 Onias
267 1918 445 1989 Summus
472 1909 672 2004 Pontifex,
697 1923 736 1984 et
764 1913 828 1985 alii
857 1912 1063 1986 sacerdotes
1088 1915 1356 1990 laboravertmt
1382 1911 1430 1984 fi·
1446 1913 1574 1971 afficb·
1588 1911 1616 1962 ³·

73 2013 206 2086 deliter
225 2011 428 2087 viduarum
451 2018 488 2077 et
514 2005 748 2100 pupillorum
775 2005 942 2102 deposita
964 2007 1161 2081 custodire.

125 2103 375 2268 Comnpendatl
387 2102 573 2173 Dominus
595 2098 813 2174 fidelitatem
833 2127 1051 2196 servorum,
1073 2105 1141 2198 qui
1156 2103 1431 2198 multiplicave-
1448 2113 1546 2167 natu.
1559 2107 1605 2161 25.

75 2215 170 2274 runt
202 2202 233 2270 si
259 2200 351 2272 itra
376 2196 439 2264 ito.

126 2295 222 2365 Cum
244 2287 365 2362 multa
393 2283 571 2356 fidelitate
592 2287 816 2378 procurabat
830 2290 971 2356 Paulus
992 2285 1076 2360 fieri
1097 2289 1267 2362 collectas
1282 2314 1351 2383 pro
1365 2315 1433 2361 ne-
1452 2329 1477 2360 η.
1491 2309 1553 2361 eor.
1569 2323 1601 2372 9..

68 2385 311 2463 cessitatibus
332 2401 539 2476 pauperum
565 2377 612 2450 de
644 2374 785 2450 Judaea.

125 2480 271 2555 Fideles
299 2487 335 2548 et
352 2473 569 2545 affectuosas
591 2473 735 2544 litteras
751 2475 855 2546 misit
872 2472 1012 2546 Paulus
1029 2473 1241 2548 Philemoni
1256 2501 1324 2572 pro
1335 2476 1436 2547 One-
1453 2495 1565 2549 Philem.
1580 2507 1603 2542 t.

81 2582 178 2653 simo
202 2599 311 2650 servo
338 2572 420 2666 ejus
447 2565 622 2662 fugitivo.

127 2673 340 2745 Discertum
358 2677 395 2738 et
415 2661 525 2736 fidele
541 2661 741 2736 consilium
759 2659 944 2736 dederunt
965 2662 1082 2736 Paulo
1102 2663 1256 2760 quidam
1273 2665 1320 2738 de
1339 2664 1441 2738 Astae
1454 2685 1515 2740 Aa.
1535 2700 1575 2751 29.

79 2765 333 2868 principibus,
355 2771 527 2858 rogantes
559 2783 646 2832 eum
667 2783 773 2830 nese
802 2756 906 2832 daret
923 2759 967 2831 in
992 2758 1198 2834 theatrum..

511 2933 843 3024 TITULUS
894 2934 1000 3021 LII.

692 3107 834 3192 Fides.

87 3243 285 3376 Credidit
305 3296 493 3369 dhraham
516 3295 621 3386 Dm,
648 3307 874 3398 reputatum·
891 3307 947 3372 est
971 3299 1004 3370 ei
1030 3297 1078 3370 ad'
1097 3299 1298 3393 justitiam..
1315 3298 1411 3372 Nota
1431 3327 1443 3372 :·
1458 3329 1526 3379 coa
1548 3325 1591 3376 ις..

87 3397 198 3490 Quod
222 3390 379 3471 credidit
400 3392 479 3460 Deo
503 3389 739 3480 promittenti
759 3415 838 3462 rem
860 3392 968 3467 valde
996 3392 1192 3464 difficilem.
1459 3396 1535 3442 Rom·
1560 3391 1585 3455 t·

135 3490 334 3565 Translate
347 3483 443 3558 mari
464 3481 604 3568 τοῦτο,
615 3493 651 3550 et
671 3487 840 3556 exercitu
861 3485 1067 3557 Pharaonis
1084 3486 1298 3576 submerso,
1314 3486 1442 3557 timuit
1459 3498 1543 3552 uxot.
1565 3497 1590 3563 4.

87 3586 250 3686 populus
271 3579 498 3664 Dominum,
521 3583 558 3644 et
581 3571 819 3646 crediderunt
842 3580 1003 3650 Domino
1025 3591 1062 3649 et
1088 3579 1222 3672 Moysi.

138 3681 270 3775 Usque
288 3675 335 3748 ad
357 3697 473 3770 aquas
488 3667 792 3742 contradictionis
814 3667 972 3744 fideliter
987 3670 1143 3744 credidit
1160 3675 1309 3768 Moyses
1328 3695 1445 3746 cunc·
1462 3697 1541 3748 num.
1560 3709 1601 3746 πο.

87 3778 138 3849 tis
161 3773 291 3848 verbis
316 3767 493 3866 Domini,
519 3761 659 3838 sedibi
684 3764 894 3861 aliqualiter
914 3763 1113 3842 haesitavit.
1140 3811 1145 3822 ·

138 3869 246 3942 Dixit
272 3863 456 3940 Jonathas
479 3861 659 3956 armigero
689 3887 756 3934 suo
774 3885 786 3943 ;
807 3859 893 3935 Non
918 3875 975 3937 est
1003 3863 1165 3937 Domino
1195 3861 1341 3937 difficile
1372 3865 1481 3938 sal-1.
1497 3877 1618 3948 aean.
1734 3861 1739 3870 '

90 3989 182 4042 aare
207 3961 269 4038 vel
292 3965 334 4036 in
359 3957 517 4048 multis,
538 3955 602 4031 vel
623 3956 663 4029 in
687 3963 825 4053 paucis.

140 4065 283 4156 Magnae
308 4057 397 4131 fidei
417 4055 580 4128 verbum
601 4051 698 4147 fuit,
729 4078 816 4127 cum
863 4067 1070 4150 ugnaturus
1092 4054 1214 4129 David
1232 4057 1445 4131 contraGo-
1462 4087 1481 4119 ι·
1495 4069 1559 4135 neg.
1573 4081 1610 4134 η·
1731 4089 1734 4095 ·

23 4149 24 4189 ¹
89 4155 188 4230 liath
210 4157 423 4250 gigantem,
444 4148 570 4222 dixit:
595 4149 655 4222 Tu
670 4149 779 4226 venis
801 4175 824 4222 a
859 4175 931 4232 me
958 4175 1044 4224 cum
1071 4151 1192 4248 gladio
1213 4165 1250 4226 et
1275 4153 1385 4226 hasta
1407 4164 1444 4226 et

24 4255 29 4328 l
90 4249 247 4348 clypeo,
273 4275 340 4345 ego
362 4260 488 4321 autem
507 4245 621 4322 venio
647 4243 695 4321 ad
715 4255 752 4318 te
781 4246 823 4318 in
844 4247 997 4320 nomine
1019 4249 1180 4321 Domini.
1367 4295 1377 4312 .

26 4367 28 4429 t
141 4344 249 4422 Dixit
266 4342 447 4444 Josaphat
466 4365 538 4418 rex
552 4336 651 4436 Juda
666 4341 849 4416 exercitui
865 4367 949 4441 suo,
966 4342 1012 4417 ad
1027 4367 1192 4442 pugnam
1203 4355 1445 4440 congregato:
1464 4371 1489 4407 α.
1502 4353 1560 4406 ro.
1580 4363 1623 4400 αα.
