4310 5472
752 295 805 396 84
906 287 1169 378 TITULUS
1187 287 1348 414 mv.
1372 285 1626 392 Discordia,
1652 285 1754 384 lites
1779 311 1822 375 et
1844 297 1959 380 ήκω.

552 537 638 592 utic.
654 551 695 588 n.
800 522 892 595 orta
926 536 981 598 est
1014 524 1145 600 seditio
1176 524 1275 599 inter
1300 526 1401 600 viros
1431 519 1610 616 Ephraim
1646 532 1683 593 et
1712 519 1895 617 tophum,
1920 549 1969 596 eo
2007 531 2141 621 quod,

750 619 793 693 Je
819 619 913 693 hthe
937 619 1077 697 vadens
1107 619 1154 690 ad
1175 645 1339 716 pugnam
1364 631 1493 691 contra
1525 615 1622 690 filios
1651 618 1833 712 Ammon,
1857 619 1945 690 illos
1967 641 2141 698 vocare¹

751 647 900 810 noluit,
926 729 969 791 ut
990 716 1171 790 dicebant.

554 828 698 886 rumbo.
799 812 873 882 Pro
895 837 1016 884 uxore
1043 812 1183 888 levitae
1211 812 1253 884 in
1282 811 1406 884 Gabaa
1434 811 1631 904 Benjamin
1656 820 1693 882 et
1717 808 1816 882 inter
1842 807 1970 882 tribus
1991 811 2110 886 Isratl
2140 859 2141 914 ,

751 905 1048 980 tan1·vehemens
1070 907 1253 980 discordia
1281 918 1318 978 et
1335 905 1506 1000 praelium
1532 904 1628 997 suit,
1647 905 1700 976 ita
1726 903 1823 1000 quod
1849 901 1905 975 illl
1930 902 1983 974 de
2007 909 2108 980 tribu

751 1002 971 1096 Beniamin,
993 1005 1158 1098 exceptis
1205 1002 1391 1096 ningentis
1417 1002 1533 1092 viris,
1554 1001 1705 1094 penitus
1724 1010 1811 1070 sunt
1832 997 1959 1070 deleti„

558 1134 582 1170 ι,
600 1111 715 1182 nepte.
802 1097 933 1169 Occiso
961 1124 984 1168 a
1009 1097 1132 1171 David
1157 1098 1186 1166 P
1217 1097 1370 1188 ilistaeo,
1398 1097 1516 1168 iratus
1546 1107 1601 1167 est
1625 1094 1712 1165 Saul
1738 1107 1867 1165 contra
1887 1093 2041 1186 David,
2069 1125 2106 1169 ω

752 1190 854 1287 quod
880 1192 1127 1264 communiter
1149 1189 1383 1264 laudabatur.
1407 1189 1492 1263 Non
1514 1192 1625 1262 rectis
1647 1187 1764 1260 oculis
1786 1211 1873 1282 ergo
1894 1189 1991 1260 Saul
2013 1195 2101 1286 aspi-

753 1287 873 1358 ciebat
897 1287 1020 1362 David
1043 1311 1065 1356 a
1091 1286 1151 1359 die
1171 1287 1236 1359 illa
1256 1300 1293 1358 et
1314 1285 1498 1381 deinceps.
1526 1283 1602 1356 Nec
1627 1283 1762 1379 aliquis
1786 1294 1953 1356 extunc
1984 1288 2098 1380 potui

753 1381 898 1454 mollire
920 1407 984 1454 cor
1005 1381 1092 1454 Saul
1104 1375 1120 1472 ,'
1142 1382 1235 1476 quin
1263 1392 1548 1476 persequeretur
1571 1403 1668 1451 eum.

558 1513 581 1547 ι.
598 1496 662 1559 aeg.
674 1485 700 1544 3.
803 1475 914 1546 Facta
926 1489 982 1548 est
991 1478 1102 1570 longa
1112 1478 1337 1548 concertatio
1354 1475 1455 1547 inter
1469 1473 1622 1546 domum
1638 1473 1725 1546 Saul
1740 1485 1776 1546 et
1790 1472 1948 1547 domum
1955 1477 2094 1550 David:

757 1567 820 1638 sed
833 1569 953 1642 David
972 1595 1115 1664 semper
1128 1570 1343 1664 proficiebat
1361 1581 1397 1638 et
1412 1567 1545 1650 domus
1564 1566 1650 1640 Saul
1666 1570 1844 1640 continue
1859 1568 2095 1645 decrescebat.

560 1674 720 1743 aues-18·
807 1659 926 1736 Nimis
943 1663 1143 1736 inhonesta
1163 1657 1263 1735 sicta
1285 1676 1341 1734 est
1362 1661 1544 1736 discordia
1566 1667 1665 1735 inter
1689 1661 1852 1736 Absalon
1876 1665 2095 1740 ambientem

757 1779 914 1850 regnum
941 1771 978 1830 et
1002 1758 1123 1832 David
1145 1770 1287 1853 patrem
1304 1781 1426 1829 suum.
1446 1757 1615 1854 Denique
1629 1757 1814 1850 Absalon,
1831 1760 1896 1854 qui
1916 1781 2095 1834 eamme

756 1853 836 1940 vit,
863 1878 926 1925 sus
952 1878 1063 1926 ensus
1083 1866 1148 1925 ost.

563 1961 588 1999 s
602 1949 666 2014 neg.
681 1961 722 2013 ψ
807 1947 903 2044 Rege
920 1879 1042 2022 liavid
1059 1948 1240 2020 redeunte
1253 1948 1295 2020 in
1312 1944 1535 2041 Jerusalem,
1552 1947 1621 2020 filii
1639 1947 1755 2020 Israel
1770 1947 1897 2020 turbati
1914 1949 2099 2045 fuerumt,

755 2068 799 2116 eo
825 2043 926 2138 quod
949 2045 1023 2118 viri
1049 2043 1147 2115 luda
1168 2045 1296 2139 ipsum
1318 2043 1580 2136 reduxerunt,
1601 2042 1682 2136 aliis
1704 2067 1783 2115 non
1800 2041 1940 2114 uocatis.

441 2179 445 2186 -
561 2137 661 2205 Mas·
677 2138 702 2189 3·
803 2140 904 2212 Duae
913 2141 1087 2214 mulieres
1108 2139 1320 2212 meretrices
1340 2138 1536 2231 litigabant
1558 2161 1682 2210 coram
1703 2161 1786 2232 rege
1807 2137 2021 2233 Salomone,
2042 2167 2095 2214 oc·

754 2229 903 2309 cesione
925 2237 1039 2309 unius
1065 2233 1220 2307 infantis
1228 2285 1245 2324 .,
1270 2258 1382 2328 quem
1409 2245 1569 2328 utraque
1592 2232 1742 2308 volebat
1763 2231 1908 2305 habere.

560 2328 586 2380 3·
599 2327 665 2396 sug.
679 2342 719 2378 ¹²·
800 2333 946 2404 Mortuo
968 2331 1188 2420 Salomone,
1209 2329 1316 2422 petiit
1343 2328 1503 2423 populus
1532 2341 1575 2400 ut
1601 2353 1624 2398 a
1645 2327 1806 2399 Roboam
1823 2327 1901 2400 filio
1930 2331 2015 2425 ejus
2034 2333 2090 2404 mi-

753 2423 830 2494 tius
863 2437 1094 2499 tractaretur.
1122 2423 1219 2508 Quo
1244 2421 1377 2490 dumus
1408 2421 1676 2514 respondente,
1708 2437 1941 2496 recesserunt
1978 2425 2088 2498 decen

754 2517 876 2586 tribus
903 2520 949 2585 ab
981 2539 1026 2585 eo
1062 2527 1099 2585 et
1126 2513 1296 2582 lecerunt
1323 2510 1518 2584 Jeroboam
1547 2541 1670 2611 regem
1697 2515 1788 2611 sibi,
1809 2543 1860 2591 ex
1886 2521 2086 2615 quomulta

735 2604 852 2676 bella
874 2607 1029 2679 fuerunt
1051 2609 1273 2714 interreges
1296 2605 1410 2678 Israel
1439 2618 1475 2679 et
1493 2603 1601 2684 tuda.

680 2735 688 2752 ·
805 2699 916 2770 Facta
936 2713 992 2772 est
1012 2699 1200 2774 contentio
1209 2711 1310 2772 mter
1324 2699 1545 2797 discipulos,
1594 2707 1652 2780 uis
1668 2734 1798 2782 eorum
1815 2709 2014 2786 videretur
2026 2733 2088 2786 esst

757 2797 906 2889 major:
939 2794 1189 2878 sedlDomino
1217 2819 1294 2864 non
1322 2795 1504 2890 placuisse
1541 2733 1653 2874 talem
1683 2807 1977 2898 contentionem,
2001 2819 2091 2902 patet

757 2913 824 2984 per
846 2913 890 2959 ea
910 2944 920 2979 ,
942 2911 1026 2983 quae
1050 2915 1088 2960 se
1116 2901 1277 2961 nantun—
1770 2948 1779 2960 .

576 2997 628 3032 ⁰¹¹²
677 3009 685 3024 ·
806 2983 1016 3077 Litigabant
1043 2917 1164 3056 Julaei
1190 2984 1236 3055 ad
1265 2985 1427 3060 invicem
1454 2987 1646 3064 dicentes:
1676 2993 1874 3082 Quomodo
1893 3005 2007 3092 potest
2029 2993 2091 3067 hic

758 3078 866 3164 nobis
879 3155 882 3168 ⁸
896 3077 984 3150 dare
1002 3103 1149 3152 carnem
1171 3104 1274 3151 suam
1302 3081 1671 3160 admanducandum
1688 3087 1707 3158 'l

656 3194 680 3232 a·
807 3176 990 3246 Murmur
1005 3175 1167 3247 multum
1200 3187 1277 3247 erat
1309 3174 1354 3246 de
1380 3178 1540 3250 Domino
1573 3181 1663 3253 lesu
1693 3182 1792 3254 inter
1818 3179 1980 3258 turbam.
2009 3178 2090 3274 Qui·

757 3269 843 3342 dam
874 3269 974 3342 enim
991 3269 1161 3342 dicebant
1185 3281 1198 3338 :'
1211 3270 1300 3366 quia
1317 3269 1438 3346 bonus
1461 3285 1540 3344 est:
1563 3273 1626 3347 alii
1647 3289 1772 3350 autem
1798 3277 1971 3352 dicebant
1995 3308 2002 3349 :
2023 3295 2091 3350 uon

757 3377 839 3453 est,
869 3363 932 3435 sed
953 3363 1103 3437 deducit
1127 3365 1268 3446 turbas.
1291 3365 1494 3460 Sequitur:
1517 3369 1628 3442 Facta
1649 3383 1704 3444 est
1725 3371 1931 3466 dissensio,
1953 3387 2021 3447 etc.

804 3460 996 3554 Baptizato
1028 3459 1306 3533 Cornelianum
1331 3463 1443 3535 omni.
1464 3461 1574 3536 domo
1604 3491 1692 3558 sua,
1718 3465 1919 3540 audierunt
1938 3463 2090 3565 Apostoli

756 3568 793 3627 et
814 3553 966 3645 fratres,
988 3557 1055 3652 qui
1072 3569 1179 3629 erant
1192 3579 1242 3627 ex
1264 3554 1419 3649 Judaea,
1441 3559 1619 3652 quoniam
1641 3563 2017 3656 gentesrecepisseut
2030 3585 2090 3636 ver

755 3652 847 3722 bum
870 3649 947 3720 Dei.
971 3651 1067 3723 Cum
1092 3649 1315 3724 ascendisset
1338 3663 1463 3722 autem
1479 3654 1612 3725 Petrus
1626 3654 1944 3752 Hierosolymam,
1963 3659 2056 3732 disce

757 3745 888 3815 tabant
912 3741 1090 3816 adversus
1112 3745 1242 3835 illum,
1272 3745 1339 3838 qui
1358 3757 1463 3818 erant
1490 3771 1540 3819 ex
1564 3747 1849 3824 circumcisione.
1864 3747 2028 3849 fratres,
2070 3749 2093 3799 ’-

760 3848 883 3908 centes
904 3861 911 3904 :
940 3836 1064 3923 Quare
1081 3838 1243 3911 introisti
1261 3837 1309 3908 ad
1331 3837 1469 3912 viros?

455 4017 459 4025 ἱ
560 3941 652 3999 'actea
667 3939 708 4009 14.-
807 3930 924 4001 Paulo
947 3943 983 4000 et
1001 3929 1169 4001 Barnaba
1184 3934 1225 4004 in
1245 3933 1395 4004 civitate
1413 3935 1538 4006 Iconio
1583 3935 1868 4032 radicantibus,
1893 3942 2026 4016 multa
2040 3940 2096 4014 mi-

754 4023 886 4098 ,racula
903 4021 1147 4117 facientibus,
1168 4026 1289 4099 divisa
1310 4039 1366 4098 est
1386 3961 1588 4102 multitudb
1609 4032 1781 4115 civitatis.
1815 4033 1988 4141 Quidam
2008 4042 2098 4118 eunt

762 4142 848 4202 cum
869 4117 1009 4212 ludaeis
1026 4131 1063 4212 et
1084 4119 1237 4216 quidam
1260 4133 1365 4208 erant
1386 4147 1473 4201 cum
1493 4125 1697 4220 Apostolis,
1981 4126 2015 4137 ”
