4464 5464
669 394 750 493 238
878 389 1142 483 murus
1180 389 1375 482 cxxvi
1411 319 1502 478 Ριι
1529 409 1574 476 ιι
1602 387 1844 478 corana.

412 651 414 662 ⁴
475 641 501 694 a.
515 643 578 712 neg.
593 637 634 708 14.
719 615 818 688 Boni
844 613 1018 690 homines
1040 615 1182 690 habeut
1213 633 1340 714 pacem
1362 612 1410 686 ad
1436 607 1717 709 invicem-sed
1749 608 1840 684 mali
1867 625 2063 709 pugnant

672 722 804 784 contra
826 711 963 804 bonos,
985 723 1189 810 contraque
1211 711 1327 784 malos
1349 711 1451 784 alios.
1470 708 1582 786 Unde
1605 713 1707 786 inter
1728 706 1897 783 Roboam
1915 721 1960 784 et
1989 711 2064 786 Je·

673 807 828 881 roboam
844 806 919 882 luit
941 809 1083 882 bellum
1106 807 1258 882 cunctis
1276 807 1420 881 diebus.
1481 840 1482 844 ¹

397 983 399 986 ,
474 917 501 970 a
515 918 579 987 neg·
599 933 635 986 ¹9·
720 903 929 978 *Ostensum
947 903 1021 980 fuit
1036 905 1359 998 Elim,Dominum
1374 927 1452 976 non
1468 921 1548 970 esse
1564 897 1606 971 in
1622 898 1754 998 granffi
1769 911 1989 996 vento,nec
2004 905 2051 978 in

471 1015 475 1022 '
647 1067 650 1074 ,
671 997 1258 1097 commotione,necinigne,sed
1269 999 1311 1072 in
1323 998 1432 1074 sibilo
1440 1017 1544 1070 auam
1561 997 1703 1090 tenuis,
1716 995 1789 1070 hoc
1800 1010 1874 1090 est,
1886 1000 1923 1072 in
1934 1023 2043 1094 pace.

422 1111 426 1118 '
479 1129 504 1166 ι.
519 1113 580 1166 aad.
598 1129 637 1164 ιι.
721 1095 922 1170 Benedixit
936 1123 986 1193 po
1013 1096 1097 1171 ulus
1113 1095 1287 1170 omnibus
1309 1095 1423 1190 viris,
1445 1090 1513 1190 qui
1527 1117 1569 1166 se
1590 1105 1722 1190 sponte
1744 1092 1974 1190 obtulerant,
1989 1108 2040 1172 ut

673 1189 889 1266 habitarent
910 1194 953 1266 in
975 1125 1193 1266 ldmsalem.
1561 1263 1565 1272 .

477 1327 501 1360 ι.
521 1309 609 1362 unca.
628 1325 655 1377 9.
723 1287 825 1361 Misit
848 1287 1030 1362 Jonathas
1052 1289 1190 1384 legatos
1210 1287 1256 1360 ad
1277 1285 1520 1377 Bacchidem,
1550 1308 1772 1381 componere
1793 1283 1923 1381 pao‘em
1953 1313 2049 1364 cum

674 1408 735 1475 eo,
758 1395 939 1459 ettamen
963 1386 1042 1482 ipse
1060 1381 1265 1457 Bacchides
1286 1381 1412 1458 fuerat
1435 1380 1519 1480 duat
1533 1380 1745 1473 exercitus,
1764 1380 1807 1454 in
1829 1407 1906 1479 quo
1928 1409 2049 1459 occu-

669 1478 758 1551 buit
780 1479 802 1551 J
806 1479 897 1554 udas
920 1480 1155 1554 Machaboeus
1180 1479 1298 1555 frater
1323 1479 1507 1552 Jonathae.

479 1589 601 1642 ruach.
614 1604 655 1641 ιο.
722 1573 803 1647 Rex
824 1577 1038 1652 Demetrius
1059 1577 1163 1650 misit
1184 1575 1379 1674 epistolam
1408 1575 1455 1672 a’d
1487 1569 1679 1646 Jonathan
1704 1573 1832 1648 verbis
1855 1574 2033 1670 pacificis,

674 1679 717 1742 ut
734 1672 988 1766 magnificaret
1003 1699 1106 1765 eum,
1118 1673 1221 1748 dixit
1239 1673 1370 1746 enim:
1392 1669 1650 1766 anticipemus
1668 1693 1798 1767 pacem
1811 1667 1924 1743 lacere
1940 1695 2031 1745 cum

672 1791 740 1857 eo,
761 1768 983 1879 priusquam
1006 1767 1074 1842 fiat
1093 1791 1183 1843 cum
1202 1765 1419 1862 Alexandro
1442 1763 1646 1840 adversum
1667 1789 1748 1839 nos.
1770 1763 2035 1842 Itemrdabitur

673 1863 774 1934 enim
792 1885 963 1938 omnium
982 1866 1186 1958 malorum,
1202 1889 1290 1962 quae
1306 1862 1464 1937 fecimus
1487 1861 1529 1934 in
1548 1885 1649 1934 eum.
1839 1920 1841 1926 s

475 1986 501 2021 2·
522 1968 609 2022 Maca
629 1969 654 2020 3·
719 1956 842 2032 &usa
856 1960 975 2056 pacis,
989 1983 1076 2057 quse
1088 1959 1164 2034 fuit
1180 1974 1349 2055 tempore
1364 1957 1486 2050 Oniae,
1501 1955 1658 2053 pulchre
1672 1954 1914 2051 describitur,
1928 1958 2041 2035 vide-

672 2049 759 2124 licet
779 2053 977 2140 idoneitas
1012 2054 1130 2130 raelati
1199 2053 1349 2129 udentia
1367 2065 1405 2128 et
1443 2053 1487 2148 ii,
1509 2063 1547 2126 et
1569 2052 1716 2126 bonitas
1737 2053 1988 2130 subdurum

475 2176 501 2212 ι.
517 2149 605 2213 utcu.
618 2175 653 2212 ιι.
720 2148 925 2248 Postquam
936 2082 1142 2226 debellatus
1172 2153 1229 2226 uit
1239 2152 1373 2251 Lysias
1384 2174 1407 2221 a
1417 2079 1516 2223 luda
1533 2147 1764 2244 Machabeeo,
1778 2149 1941 2227 libenter
1949 2151 2041 2228 fecit

672 2265 802 2339 pacem
822 2272 910 2321 cum
924 2273 972 2322 eo
994 2245 1234 2345 :intelligens
1248 2248 1351 2321 enim
1364 2244 1533 2321 invictos
1547 2267 1628 2320 esse
1649 2246 1843 2340 Hebraeos,
1865 2249 1935 2324 Dei
1952 2275 2042 2324 om-

672 2338 877 2436 nipotentis
896 2343 1040 2418 auxilio
1058 2344 1247 2437 nitentes,
1265 2344 1369 2418 misit
1390 2341 1437 2415 ad
1455 2366 1537 2437 eos,
1563 2343 1809 2440 promisitque
1824 2345 2038 2419 consentire

673 2437 868 2535 omnibus,
887 2466 973 2537 quae
992 2443 1100 2539 justa
1112 2451 1220 2534 sunt,
1240 2451 1278 2514 et
1296 2463 1422 2537 regem
1443 2436 1726 2534 compulsorum
1738 2441 1901 2514 amicum
1915 2439 2010 2515 fieri.

476 2544 573 2597 nauh.
596 2541 638 2598 ra
722 2531 882 2609 Tantam
908 2561 1037 2632 pacem
1071 2550 1109 2610 et
1136 2533 1372 2610 concordiam
1401 2533 1487 2612 vult
1512 2535 1700 2612 Dominus
1723 2561 1811 2632 erga
1839 2538 2034 2647 proximos

672 2647 743 2696 nos
760 2625 899 2702 habere
927 2643 971 2703 ut
984 2632 1125 2706 dixerit
1142 2635 1270 2726 Petro,
1281 2633 1452 2729 peccanti
1462 2629 1571 2706 fratri
1580 2655 1660 2708 nou
1671 2656 1749 2706 esse
1764 2633 2036 2708 remittendum

674 2719 827 2814 septies,
855 2683 919 2796 sed
942 2749 1064 2823 usque
1089 2729 1299 2824 septuagies
1318 2729 1463 2826 septies.
2008 2789 2014 2799 .

475 2819 538 2874 Lu*
560 2831 586 2870 ²·
700 2813 856 2892 :Pacem
882 2823 1212 2899 annunciaverunt
1236 2823 1359 2920 angeli
1379 2827 1422 2898 in
1443 2823 1638 2898 nativitate
1656 2822 1812 2894 Domini.

476 2929 559 2980 nare.
574 2945 600 2998 a
720 2913 815 2986 Item
837 2913 1039 3011 discipulos
1060 2919 1246 2990 Dominus
1272 2942 1400 3014 paoem
1427 2918 1528 2994 inter
1554 2945 1593 2994 se
1613 2916 1743 2991 habere
1757 2914 1941 3012 praecepit.

419 3049 422 3056 ⁴
472 3027 537 3080 tua
558 3046 596 3082 ιο.
717 3008 852 3084 Pacem
876 3011 988 3108 jussit
1009 3036 1076 3107 per
1099 3009 1301 3108 discipulos
1320 3015 1504 3090 nuntiari.

472 3128 618 3266 paenas„
669 3105 854 3276 tolidem
872 3107 928 3182 eis
943 3119 1031 3184 ante
1046 3107 1260 3205 passionem
1275 3108 1448 3210 reliquit,
1465 3123 1551 3211 post
1566 3107 1874 3186 resurrectionem
1889 3105 1944 3180 eis
1961 3104 2028 3189 obt

531 3231 539 3248 .
728 3227 742 3273 1
1083 3265 1085 3270 Ι
1603 3270 1609 3288 Ι
1915 3283 1919 3288 η

473 3291 551 3361 aa.
568 3325 608 3362 ιι.
718 3298 797 3390 Qui
821 3299 1009 3377 desiderat
1032 3325 1182 3378 servare
1196 3327 1323 3402 pacem
1345 3315 1384 3390 et
1402 3305 1569 3404 quietem
1589 3297 1945 3396 merrtii,abstine1e
1961 3299 2026 3374 de-

669 3394 767 3469 beti
782 3396 1036 3492 discursibus,
1053 3399 1166 3471 etiam
1181 3397 1375 3474 interdum
1389 3399 1499 3477 valde
1513 3400 1644 3493 licitis,
1661 3413 1699 3474 et
1713 3395 1891 3473 honestis.
1912 3393 2024 3471 Unde

668 3491 845 3585 Martha,
864 3504 908 3566 ut
927 3493 1096 3588 audivit,
1115 3493 1216 3590 quod
1236 3493 1344 3572 Jesus
1364 3498 1492 3591 venit,
1515 3498 1680 3572 occurrit
1713 3495 1794 3570 illi:
1813 3493 1935 3566 Maria-
1957 3517 2027 3566 au-

666 3600 752 3662 tem
771 3587 883 3662 domi
894 3589 1063 3685 sedebat,
1078 3613 1149 3662 neo
1166 3590 1255 3665 inde
1272 3595 1469 3690 semovit,
1496 3591 1618 3668 donec
1636 3591 1712 3666 fuit
1729 3601 1865 3667 vocata
1879 3589 1926 3662 sb
1945 3587 2027 3686 ipso

668 3685 831 3759 Domino
850 3710 917 3783 per
935 3713 1100 3761 sororem
1121 3711 1128 3756 ε
1156 3685 1244 3760 licet
1265 3685 1434 3763 fortassis
1456 3715 1535 3764 non
1557 3689 1788 3786 ignoraverit
1804 3688 1886 3783 ipsa
1908 3684 2026 3758 Maria

664 3779 876 3856 adrentum
893 3781 1068 3876 Domini,
1156 3783 1255 3856 ando
1276 3783 1423 3858 Martha
1462 3785 1637 3860 raescivit.
1672 3828 1676 3845 ·

711 3874 913 3965 Quantum
936 3879 986 3952 sit
998 3879 1100 3975 pacis
1165 3903 1279 3973 num,
1296 3903 1436 3976 perpen
1465 3883 1471 3898 '
1493 3892 1614 3978 potest
1629 3905 1696 3978 per
1710 3877 1911 3953 discretum
1919 3872 2027 3948 aad·

666 3984 850 4046 maiorem
869 3972 1020 4047 beatum
1031 3971 1209 4066 Paulum,
1252 3975 1293 4048 ui
1307 3974 1402 4050 illud
1417 3988 1495 4052 tam
1511 3976 1667 4051 sollicite
1679 3975 1724 4050 in
1738 3969 2024 4066 omnibusepis-

573 4135 581 4148 ,
665 4067 753 4141 tolis
774 4070 875 4159 suis,
891 4065 989 4160 illis,
1005 4057 1145 4164 'quibus
1161 4001 1359 4163 scrihebat,
1374 4073 1525 4169 optabat
1535 4127 1546 4167 ,
1556 4083 1714 4169 excepta
1728 4070 1793 4144 illa
1812 4067 1860 4142 ad
1874 4065 1967 4142 Heb.
1981 4065 2023 4139 in

661 4189 742 4259 qua
760 4187 830 4236 nec
846 4185 987 4236 nomen
1008 4187 1120 4236 suum
1144 4188 1195 4238 ex
1217 4179 1317 4242 certa
1333 4191 1467 4264 causa,
1490 4193 1562 4244 nee
1578 4168 1629 4244 ali
1657 4192 1745 4242 uam
1760 4163 2016 4239 salutationem

542 4367 547 4376 ι
657 4257 870 4356 prauittit.
885 4255 1147 4358 Notatamen,
1162 4261 1264 4363 quod
1282 4263 1480 4344 dicturus-z
1501 4265 1584 4345 Pax
1599 4291 1650 4346 vo
1675 4263 1726 4363 is,
1741 4261 1928 4364 praeponit
1938 4278 2018 4356 aa:
