4464 5464
679 377 760 484 2u
906 363 1172 472 mutus
1210 357 1424 452 cuiun.
1466 357 1609 447 rena
1645 352 1829 444 Divina.

1578 487 2077 519 unare—¹*

1866 527 1874 544 Ι

961 606 1380 702 ¹TITULUS
1438 597 1712 688 CXXXII.

1142 802 1314 894 'Pano
1362 801 1541 933 Diome.

478 1031 547 1086 cen.
569 1027 595 1082 ³.
678 951 884 1084 Graviier
913 1004 1066 1102 punivit
1096 1002 1199 1076 Deus
1228 1004 1423 1092 peccatum
1453 987 1662 1089 primorum
1695 1001 1899 1087 parentum
1910 1027 1926 1090 ,·
1942 999 2053 1096 quod

674 1108 747 1205 ipsi
774 1102 972 1176 credebant
1004 1096 1172 1186 veniale,
1193 1117 1262 1166 nec
1296 1094 1352 1163 ita
1381 1087 1475 1161 dure
1507 1085 1744 1183 puniendum
1774 1085 1867 1161 sore.

479 1222 548 1274 oen.
564 1239 589 1291 7.
613 1241 617 1246 ·
725 1199 906 1296 Originali
932 1193 1076 1269 munilo
1102 1193 1204 1264 Deus
1234 1209 1315 1260 non
1340 1184 1527 1283 pepercit,
1548 1179 1613 1256 sed
1639 1181 1767 1281 ipsum
1795 1209 1892 1284 pene
1923 1199 2054 1270 totum

378 1381 383 1388 ,
672 1297 815 1372 diluvii
847 1291 1095 1367 inundatione
1128 1283 1277 1360 delevit.

477 1424 547 1481 oen.
568 1435 608 1487 ¹9·
725 1394 904 1488 Quinque
944 1385 1115 1460 civitates
1155 1390 1308 1480 propter
1349 1387 1544 1474 peccatum
1582 1373 1851 1450 sodomiticum
1886 1378 2052 1460 foetente

679 1489 776 1587 ignis
803 1485 1090 1580 conflagnatione
1113 1501 1267 1552 consum
1299 1485 1345 1548 tae
1371 1485 1461 1546 sunt
1478 1496 1549 1568 per
1576 1470 1728 1568 angelos
1747 1497 1770 1542 a
1795 1471 1871 1546 Deo
1891 1481 2043 1553 missos.

477 1597 659 1679 noanno-
728 1581 917 1681 AEgyptii,
939 1586 1204 1677 persequentes
1240 1501 1337 1645 iiiios
1371 1568 1507 1658 lsrael,
1527 1567 1713 1640 submersi
1753 1581 1856 1664 sunt,
1876 1572 2037 1669 jubente

675 1681 778 1770 Deo,
800 1677 908 1773 quusi
940 1673 1137 1770 plumbum
1168 1671 1211 1742 iu
1234 1665 1344 1764 aquis
1373 1661 1673 1740 vehementibus.

477 1807 564 1868 exau.
584 1815 625 1874 ¹7·
725 1773 825 1864 Quia
861 1769 1022 1868 populus
1054 1763 1232 1840 Amalech
1264 1760 1388 1852 voluit
1420 1758 1600 1856 impedire
1628 1757 1726 1832 filios
1758 1760 2042 1857 Israel,euntes

677 1868 719 1944 in
744 1884 884 1954 terram
907 1861 1186 1963 promissionis,
1212 1856 1312 1930 dixit
1340 1855 1525 1930 Dominus
1551 1849 1597 1928 ad
1619 1855 1943 1956 Moysenzdelebo
1963 1887 2045 1936 me-

676 1967 838 2040 moriam
865 1956 1044 2034 Amalech
1073 1955 1120 2028 de
1147 1955 1218 2028 sub
1248 1951 1354 2024 coelo.

477 2078 565 2138 uxos.
580 2075 624 2128 32.
726 2061 883 2228 Propter
908 2054 1098 2145 vitulum,
1123 2075 1238 2152 quem
1262 2045 1515 2125 adoraverunt
1541 2045 1695 2148 populi,
1716 2049 1938 2128 occiderunt
1965 2081 2044 2132 una

676 2155 737 2232 die
769 2181 790 2228 2
817 2179 899 2246 ,ooo
932 2149 1146 2227 hominum.
1272 2197 1278 2208 ι

477 2280 565 2340 Mi,
589 2289 631 2330 ιο.
725 2253 906 2348 Egressus
935 2261 991 2322 est
1010 2239 1345 2342 imitationum,
1362 2249 1400 2314 et
1435 2237 1636 2318 devoravit
1670 2239 1801 2318 Nadab
1841 2257 1880 2320 et
1915 2247 2045 2326 Abihu

676 2347 773 2423 filios
802 2350 928 2420 Aaron
940 2347 1056 2443 ,quia
1082 2338 1238 2435 arreptis
1270 2336 1475 2412 thuribulis
1502 2339 1626 2434 ignem
1654 2335 1821 2414 alienum
1848 2353 1886 2418 et
1910 2345 2044 2420 incen-

583 2478 595 2488 ·
678 2459 763 2519 sum
793 2443 885 2516 deso
933 2447 1210 2540 rposuerunt,
1231 2445 1268 2508 et
1288 2457 1419 2507 coram
1452 2435 1615 2508 Domino
1644 2435 1877 2513 obtulerunt.

477 2566 566 2628 taut·
581 2559 625 2630 24.
725 2538 846 2614 Jussit
870 2469 1054 2612 litiminus
1081 2553 1242 2630 puerum
1270 2527 1531 2627 blasphemum
1555 2543 1665 2608 extra
1699 2545 1819 2610 castra
1846 2533 1978 2634 educi,
2002 2549 2040 2614 et

678 2635 725 2707 ab
754 2635 935 2710 universo
961 2629 1100 2730 populo
1120 2625 1288 2725 lapidari.

370 2802 379 2810 .
479 2763 563 2820 uum.
584 2775 627 2813 ιι.
728 2729 941 2822 Carnibus,
966 2753 1065 2823 quas
1099 2726 1252 2800 miserat
1290 2720 1475 2802 Dominus
1513 2721 1725 2801 videntibus
1761 2721 1850 2796 filiis
1891 2724 2030 2820 lucil,

679 2826 805 2897 adhuc
833 2823 1084 2910 existentibus
1110 2823 1153 2893 in
1181 2816 1357 2890 dentibus
1383 2841 1536 2916 eorum,
1552 2817 1726 2920 pereiram
1756 2819 1937 2892 Dominus
1961 2843 2028 2917 po-

656 2917 812 3013 pulum
848 2913 955 3010 plagii
990 2913 1126 3009 magni
1159 2909 1283 2986 nimis.

474 3050 558 3106 num.
580 3055 620 3098 n.
724 3009 915 3086 Pemussit
924 3010 1108 3085 Dominus
1120 3007 1275 3084 Mariani
1285 3007 1388 3106 lepra
1401 3064 1413 3106 ‚
1426 3010 1648 3109 quialocuta
1656 3017 1714 3084 est
1723 3009 2036 3110 contrabioysen.

474 3138 556 3196 pm.
570 3129 608 3202 14.
683 3204 693 3224 ι
726 3109 783 3182 De
812 3106 1008 3220 'sexcentis
1045 3105 1212 3181 millibus
1251 3105 1529 3206 virorum‚qui
1560 3106 1749 3182 numerati
1781 3116 1895 3200 sunt,
1908 3105 2039 3182 nullus

678 3216 841 3282 introvit
876 3217 1016 3280 terram
1058 3199 1314 3301 promissionis
1351 3215 1504 3301 propter
1541 3229 1674 3280 eorum
1714 3213 1887 3303 peccata,
1907 3214 2043 3302 preter

677 3301 789 3376 Caleb
823 3313 861 3375 et
894 3301 1030 3392 Josue,
1052 3301 1151 3374 sicut
1183 3300 1350 3373 minatus
1381 3311 1437 3374 est
1465 3301 1662 3376 Dominus.

402 3481 406 3490 .
473 3421 557 3487 Nm.
579 3423 621 3482 ιε.
722 3397 841 3494 Ligna
868 3397 1044 3494 colligens
1068 3396 1112 3470 in
1140 3395 1292 3469 sabbato
1327 3391 1403 3472 fuit
1438 3409 1623 3496 praecepto
1649 3393 1804 3472 Domini
1835 3393 2032 3493 lapidatus.

473 3521 556 3576 Num.
579 3521 621 3576 :a
669 3509 677 3522 '
720 3492 896 3569 Terribili
926 3503 1048 3568 morte
1073 3491 1211 3566 occidit
1242 3491 1428 3567 Dominus
1462 3492 1559 3568 Cure
1594 3507 1633 3568 et
1668 3515 1750 3566 corn
1776 3489 1866 3566 lices
1895 3492 1989 3590 ejus.

471 3612 555 3720 ltin.
574 3631 618 3668 ιο.
721 3589 965 3664 Haesitantem
999 3587 1047 3662 ad
1076 3613 1192 3687 aquas
1219 3587 1522 3666 contradictionis
1537 3577 1710 3690 'Moysen
1773 3589 1925 3662 ominus
1947 3585 2041 3662 dure

528 3713 531 3720 ¹
673 3685 852 3796 punivit,
869 3710 957 3760 cnm
975 3696 1103 3759 tumen
1128 3709 1174 3758 us
1202 3709 1250 3762 us
1278 3695 1371 3758 tunc
1395 3696 1473 3760 tam
1499 3699 1627 3761 sancte
1652 3697 1691 3764 et
1718 3681 1880 3760 fideliter
1901 3707 1942 3758 se
1960 3705 2043 3780 ges-

673 3789 804 3890 sisset²
819 3781 972 3878 supple,
993 3792 1070 3855 tam
1100 3777 1147 3854 ad
1175 3710 1320 3873 Deum,
1338 3805 1452 3877 quam
1487 3782 1533 3856 ad
1570 3779 1766 3882 populum.

469 3891 551 3947 num.
570 3891 618 3960 αι’.
705 3876 824 3982 ΙΜιειιῑ
837 3873 1022 3950 Dominus
1040 3886 1228 3972 serpentes
1243 3875 1381 3971 ignitos
1396 3877 1438 3952 in
1501 3879 1635 3976 pulum
1668 3878 1761 3975 quia
1774 3874 1954 3950 taeduerat
1972 3895 2041 3947 eos

588 4011 592 4021 ·
668 3967 817 4043 itineris
839 3979 878 4043 et
893 3969 1099 4083 laboris,et
1123 3969 1401 4079 digerantmur
1421 3903 1588 4050 eiixisti
1614 3933 1684 4050 niis
1710 3969 1758 4046 ds
1784 3973 1947 4084 AEgypto
1968 3979 2040 4042 etc.

465 4075 543 4132 tome
568 4092 595 4150 t·
717 4061 851 4140 Achan
886 4063 988 4140 filius
1022 4063 1176 4137 Charon
1208 4087 1295 4140 cum
1325 4079 1405 4142 tota
1437 4065 2038 4173 copiosissimaque

518 4185 550 4206 ν
669 4157 874 4242 abstulerat
905 4161 953 4238 de
983 4155 1221 4256 anathemate
1250 4159 1410 4258 iericho.
