4498 5462
328 425 590 516 TITULUS
624 427 779 512 LXXI.
812 372 1104 514 inconstantia
1136 435 1287 546 populi
1376 439 1479 520 ·133

135 668 208 728 tam
230 666 267 726 et
285 654 466 728 dixerunt
485 681 492 725 :
510 679 619 726 omne
636 655 811 749 verbum,
829 657 870 728 in
887 681 963 748 quo
981 656 1121 730 miserit
1139 669 1177 730 te
1198 660 1298 730 Deus
1322 661 1368 732 ad
1391 687 1478 754 nos,

129 749 328 840 faciemus,
346 751 424 822 sive
446 752 604 839 benum,
624 751 703 824 sive
719 753 870 824 malum.
891 749 1059 845 Cumque
1078 764 1159 848 post
1175 753 1299 824 decem
1319 755 1396 828 dies
1417 751 1485 829 iu-'

127 845 295 916 durasset
318 847 369 916 eis
391 844 568 917 Jeremias
590 845 741 914 Domini
761 845 1010 934 voluntatem,
1032 845 1212 919 dixerunt
1234 850 1267 920 ei
1292 875 1300 918 :
1326 852 1478 922 Menda-

127 935 287 1010 tinnitu
304 938 340 1009 lo
371 941 486 1026 ueris,
500 961 578 1006 nou
596 938 696 1008 misit
717 949 751 1008 te
768 939 966 1029 Dominus,
987 940 1049 1012 sed
1070 941 1217 1012 Barueh
1235 941 1337 1015 filius
1356 945 1479 1016 Nerioe

127 1031 259 1104 incitat
278 1043 315 1103 te
330 965 530 1104 diversum
547 1055 634 1120 nos,
649 1043 686 1102 et
699 1055 777 1103 non
792 1031 936 1104 audivit
952 1035 1151 1118 universus
1165 1037 1324 1130 populus
1344 1063 1475 1110 vocem

126 1126 281 1196 Domini
305 1137 372 1196 eto.

178 1219 261 1288 Cito
284 1215 439 1290 credidit
469 1214 614 1288 duobus
639 1217 867 1312 presbyteris
895 1219 1044 1288 senibus
1071 1219 1291 1310 multitude,
1320 1233 1356 1292 et
1386 1247 1477 1294 con·
1494 1246 1562 1296 nan.
1588 1253 1627 1299 aa

128 1310 402 1386 damnaverunt
419 1311 626 1382 Susannam
650 1310 696 1380 ad
713 1323 889 1401 mortem,
905 1322 941 1382 et
959 1311 1070 1404 paulo
1088 1325 1194 1404 post:
1214 1313 1396 1386 Reversus
1419 1329 1475 1389 est

155 1402 392 1497 opulus-cum
410 1403 662 1493 festinatione,
681 1417 717 1477 et
734 1417 1050 1476 consurrexerunt
1067 1405 1245 1477 adversus
1263 1406 1358 1478 duos
1378 1435 1476 1502 pres-

128 1429 282 1592 byteros
303 1509 339 1570 et
360 1498 530 1568 fecerunt
556 1499 608 1570 eis
619 1553 630 1588 ,
650 1501 747 1570 sicut
773 1499 867 1570 male
886 1511 1036 1594 egerant
1051 1499 1230 1571 adversus
1247 1503 1484 1593 proxinmm.'

172 1590 353 1682 Cognovit
375 1593 525 1680 Simon,
551 1591 651 1685 quod
672 1591 855 1688 Tryphon
878 1617 964 1664 cum
984 1592 1323 1686 dololoqueretur,
1343 1609 1472 1688 petens
1493 1627 1614 1684 sumt
1628 1609 1669 1682 it.

128 1675 219 1754 duos
231 1682 327 1756 filios
343 1683 536 1775 Jonathae,
556 1697 592 1758 et
609 1699 759 1757 centum
775 1686 914 1758 talenta
928 1689 1092 1781 argenti,
1107 1687 1217 1777 jussit
1233 1698 1356 1758 tamen
1373 1689 1471 1781 dari,

63 1823 64 1828 κ
126 1800 172 1845 ne
191 1778 424 1850 inimicitiam
453 1803 625 1872 magnam
651 1791 812 1853 sumeret
827 1779 874 1849 ad
900 1778 1080 1876 populum
1103 1779 1240 1866 Israel,
1265 1780 1469 1855 dicentem:

127 1867 224 1955 Quia
249 1893 328 1962 non
349 1873 450 1943 misit
479 1885 674 1965 argentum
701 1886 738 1943 et
760 1899 916 1982 pueros,
942 1885 1134 1966 propterea
1154 1873 1275 1966 periit.

174 1961 270 2034 Cum
291 1965 452 2058 quadam
470 1964 528 2035 die
551 1977 646 2036 esset
661 1967 844 2038 Dominus
866 1966 1069 2038 incivitate
1088 1964 1297 2054 Nazareth,
1316 1978 1353 2037 et
1371 1968 1471 2040 dice-
1487 1993 1551 2047 Luc.
1572 1998 1598 2063 4.

126 2065 210 2125 rent
233 2059 267 2126 ei
288 2057 309 2126 J
312 2057 428 2144 udaei,
448 2059 535 2128 satis
551 2059 650 2130 bono
664 2059 797 2148 modo,
813 2070 857 2130 ut
872 2058 1008 2128 faceret
1024 2060 1078 2129 ibi
1093 2058 1293 2146 miracula,
1316 2063 1412 2131 sicut
1428 2061 1470 2132 in

128 2145 388 2240 Capharnaum
409 2149 567 2239 fecerat,
588 2163 672 2242 post
694 2153 877 2223 modicam
898 2151 1209 2244 increpationem,
1234 2175 1346 2242 quam
1371 2153 1470 2223 dixit

123 2240 201 2328 eis,
228 2238 359 2333 repleti
381 2251 470 2326 sunt
496 2242 573 2328 ira,
599 2251 636 2310 et
660 2245 848 2310 e'ecerunt
866 2267 951 2310 eum
971 2256 1079 2312 extra
1104 2245 1312 2334 civitatem,
1340 2257 1376 2316 et
1401 2271 1471 2318 vo-

117 2330 279 2404 luerunt
307 2357 393 2404 eum
412 2269 707 2426 praecipitue1ie
729 2331 923 2425 supercilio
940 2334 1089 2402 montis.
1550 2381 1556 2394 -.

172 2423 333 2514 Quando
355 2428 552 2498 satiaverat
569 2427 755 2497 Dominus
767 2425 934 2520 quinque
954 2423 1069 2495 millia
1089 2425 1286 2497 hominum
1301 2425 1345 2496 de
1358 2429 1471 2522 quin·
1489 2447 1567 2502 toan.
1588 2454 1629 2503 6.,

118 2543 198 2610 ¹qua
216 2521 376 2614 panibus
395 2532 431 2591 et
447 2518 593 2592 duobus
607 2519 794 2613 piscibus,
814 2519 1016 2591 volucrunt
1032 2543 1117 2590 eum
1133 2543 1275 2612 rapere,
1295 2532 1332 2590 et
1350 2519 1469 2593 facere

121 2637 256 2706 regem.
281 2613 363 2684 Cito
388 2601 513 2686 aut'em
534 2625 617 2708 post
645 2623 839 2710 coeperunt
864 2607 1046 2682 increduli
1073 2612 1279 2706 disputare,
1305 2626 1342 2684 et
1371 2639 1469 2708 quae-

120 2731 203 2779 rere
225 2732 232 2773 :
255 2705 356 2801 quod
372 2711 520 2800 signum
539 2707 659 2796 facis,
682 2701 734 2777 ‘ut
756 2703 947 2777 credamus
973 2704 1082 2774 tibi?
1367 2767 1369 2772 ,

169 2799 347 2872 Videntes
374 2801 430 2874 illi
462 2801 508 2873 de
527 2799 667 2896 populo
695 2799 910 2870 Judaeornm
942 2797 1125 2871 Lazarum
1158 2800 1399 2892 suscitatum,
1433 2815 1469 2874 et
1486 2829 1582 2882 aneta.
1601 2849 1647 2888 n.

118 2895 239 2968 multa
258 2895 329 2968 alia
348 2894 446 2969 facta
464 2895 643 2968 miracuia
657 2919 725 2988 per
746 2893 948 2964 Dominum
969 2891 1120 2982 Jesum,
1137 2905 1324 2966 venerunt
1349 2895 1383 2966 ei
1402 2897 1469 2966 ob-
1483 2895 1547 3010 ξπ·
1575 2918 1619 2964 'ss
1688 2941 1692 2950 ·

118 2989 222 3060 viam
240 3015 327 3062 cum
341 3015 474 3084 magno
490 2989 643 3062 honore.
673 2989 846 3058 Attamen
865 3007 1017 3076 vespere
1044 2988 1318 3082 circumspectis
1345 2991 1468 3062 omni·
1500 2980 1559 3016 ⁰⁰³¹
1577 2981 1617 3017 ¹²·

118 3079 215 3166 bus,
238 3105 316 3149 non
338 3081 484 3153 invenit
503 3085 568 3172 qui
593 3077 747 3174 eumad
773 3079 978 3172 hospitium
1004 3080 1191 3153 invitaret.
1219 3082 1273 3151 De
1294 3081 1354 3153 his
1379 3108 1466 3156 uar-

120 3181 228 3242 ratur
250 3169 353 3264 apud
375 3169 592 3242 Matthaeum
614 3197 671 3239 21.

170 3265 267 3334 Ante
290 3261 457 3355 quinque
493 3261 570 3332 dies
595 3261 741 3355 paschae
767 3263 969 3333 Dominum
999 3261 1126 3330 Jesum
1148 3264 1284 3354 recepit
1306 3263 1464 3355 populus
1483 3271 1582 3351 m„¹
1599 3319 1645 3358 ,ἢ

122 3381 210 3428 cum
233 3377 367 3450 magno
389 3353 551 3445 tripudio
572 3367 609 3423 et
630 3353 791 3442 honore,
811 3367 847 3423 et
870 3379 935 3446 per
961 3353 1230 3423 hebdomadam
1253 3358 1373 3424 omnis
1398 3381 1465 3447 po·
1515 3370 1597 3417 ⁰1²3·

119 3451 234 3544 pulus
250 3458 335 3520 erat
358 3469 421 3518 sus
447 3467 559 3514 ensus
582 3444 628 3514 ad
650 3447 766 3514 verba
788 3447 895 3536 ejus,
917 3458 954 3513 et
977 3469 1085 3514 mane
1105 3447 1278 3514 veniebat
1300 3446 1347 3513 ad
1377 3470 1463 3516 eum
1480 3428 1556 3541 ³⁰2¹*
1579 3435 1660 3490 Μ

121 3547 163 3614 in
191 3540 329 3635 templo
366 3469 495 3608 audire
527 3561 635 3625 eum3
668 3535 761 3604 feria
798 3558 888 3604 vero
902 3537 1046 3623 sexta,
1075 3539 1118 3606 in
1152 3535 1211 3605 die
1244 3537 1464 3608 Parasceves
1529 3510 1560 3558 9⁸

122 3637 378 3707 clamaverunt
401 3655 527 3702 omnes
549 3656 557 3700 ε
582 3626 761 3718 Crucifige
780 3647 875 3696 eum.
1438 3683 1442 3692 .

172 3726 283 3796 Facu
301 3749 392 3798 voce
408 3723 566 3818 Spiritus
581 3720 813 3797 vehementis
834 3743 944 3814 super
964 3717 1162 3814 discipulos
1177 3721 1362 3814 venientis
1379 3746 1465 3794 con-
1478 3752 1577 3806 Actor„
1591 3769 1621 3807 a.
1653 3803 1662 3821 ὁ

119 3821 228 3894 venit
250 3816 453 3892 multitudo
480 3829 517 3888 et
551 3825 677 3888 mente
708 3813 862 3886 confusa
886 3825 954 3885 est.
989 3813 1149 3902 Quidam
1182 3827 1305 3886 autem
1330 3815 1462 3886 irride-

121 3917 237 4007 bant,
263 3913 452 3985 diceutes:
475 3908 572 4000 Quia
593 3917 718 3981 musto
763 3907 841 3980 leni
857 3920 945 3978 sunt
971 3909 1044 3980 isti.
1070 3910 1217 3980 Instans
1242 3919 1365 3980 autem
1390 3897 1460 3980 Pe-

119 4019 230 4097 trus,
255 4007 401 4078 locutus
422 4017 477 4077 est
501 4005 553 4076 eis
570 4002 689 4076 multa
701 4056 713 4094 ,
736 3935 935 4096 discipulos
956 4027 1139 4074 excusans
1155 4016 1192 4074 et
1216 4001 1330 4076 verba
1345 4001 1464 4074 Joetis.

119 4100 299 4192 allegam,
316 4099 451 4192 quibus
467 4097 603 4170 auditis
616 4108 705 4168 sunt
722 4095 829 4168 corde
841 4097 1069 4191 compuncti,
1085 4107 1269 4190 petentes,
1291 4095 1382 4190 quid
1401 4094 1463 4166 fa*

118 4217 204 4272 cere
222 4192 408 4268 deberent.
433 4193 481 4265 Et
502 4190 679 4290 baptizati
695 4201 786 4264 sunt
801 4189 866 4266 illo
889 4189 948 4264 die
967 4190 1111 4265 circiter
1129 4189 1231 4285 3,ooo
1248 4187 1461 4266 hominum„
