4498 5462
261 465 265 471 ,
312 396 578 492 TITULUS
606 395 845 486 LXXXIX.
892 396 1110 512 Lacrymae
1135 397 1332 488 etfletus.
1413 403 1498 488 aas

179 535 1495 580 ,.................--....-..-..-.-...-.-.--..

189 627 327 706 Paulus
352 626 509 702 veniens
533 619 777 715 Corinthum,
795 633 832 696 et
853 623 1053 700 inveniens
1075 625 1129 698 ibi
1151 623 1326 700 Judaeum
1348 625 1501 698 nornine
1519 649 1609 704 Actor.
1626 649 1663 701 aa

146 725 314 825 'Aquilam
337 735 374 796 et
394 719 602 795 Priscillam
620 743 780 794 uxorem
797 720 880 815 ejus
888 775 902 814 ,
916 721 1070 796 accessit
1090 722 1136 794 ad
1148 747 1228 815 eos,
1245 735 1282 795 et
1302 723 1391 820 quia
1406 723 1503 817 ejus-

145 824 226 896 dem
244 831 323 895 erat
345 819 453 911 artis,
473 817 648 890 manebat
669 815 769 913 apud
791 840 871 910 eos,
895 829 932 891 et
952 817 1176 916 operabatur
1198 842 1206 887 :
1226 817 1352 916 (erant
1372 829 1504 920 'autem

147 917 418 992 scenofactoriae
445 911 571 1006 artis.)
1263 929 1267 940 ’

191 1013 294 1088 Idem
312 1013 358 1085 de
377 1035 415 1083 se
431 1019 610 1081 testatur:
628 1006 700 1102 ipsi
716 1007 835 1098 scitis,
850 1011 1030 1118 qnoniam
1049 1010 1096 1085 ad
1115 1037 1175 1106 ea,
1196 1037 1281 1111 quse
1295 1010 1391 1087 mihi
1410 1035 1504 1106 opus
1523 1037 1615 1089 Actor.
1638 1050 1677 1085 to.

86 1119 88 1124 '
147 1122 315 1202 erant,et
325 1107 405 1196 his,
421 1104 488 1200 qui
499 1124 646 1174 mecum
665 1106 1098 1194 sunt,1nin1straverunt
1111 1131 1246 1180 manus
1256 1109 1349 1180 istae.
1369 1107 1507 1179 Omnia
1558 1101 1599 1169 ³4·
1717 1171 1726 1188 ,

148 1204 296 1280 ostendi
310 1202 438 1290 vobis,
458 1196 634 1290 quoniam
654 1197 707 1268 sic
721 1195 933 1270 laborantes
955 1213 1100 1294 oportet
1123 1203 1309 1299 suscipere
1326 1201 1506 1277 infirmos.

195 1297 299 1370 Idem
308 1295 353 1365 de
370 1319 407 1364 se
422 1305 458 1364 et
475 1291 582 1362 sociis
595 1291 672 1364 suis
687 1291 815 1366 scribit
828 1292 875 1365 ad
882 1291 1246 1368 Thessalonicenses:
1258 1322 1441 1370 memores
1455 1322 1510 1369 es·
1530 1345 1553 1383 ι.
1566 1323 1656 1376 ruas.
1679 1331 1705 1369 α.

151 1395 198 1469 tis
213 1390 361 1478 fratres,
372 1386 509 1462 laboris
527 1387 661 1480 nostri,
673 1399 710 1459 et
728 1385 956 1556 fatigationis
969 1415 976 1458 :
989 1403 1097 1462 nocte
1109 1389 1222 1462 acdie
1233 1405 1445 1488 operantes,
1461 1417 1510 1463 ne
1560 1410 1588 1461 s·

151 1484 786 1585 quemvestnimgravaremu8‚prae
812 1484 1417 1581 icavimusinvobisEvangelium
1429 1487 1510 1558 Dei.

196 1580 297 1654 Idem
312 1577 534 1676 pronuntiat
558 1578 624 1649 :Si
642 1581 728 1673 quis
745 1605 824 1653 non
845 1578 930 1656 vult
953 1579 1112 1676 operari,
1134 1607 1213 1654 non
1233 1579 1446 1656 manducet.
1528 1605 1554 1644 a·
1573 1587 1662 1639 rnna
1682 1581 1707 1634 ³·

473 1750 809 1838 arrosus
866 1745 1172 1841 Lxxxrx.

595 1925 818 2042 Lacrymoe
857 1945 898 2010 et
924 1925 1069 2039 fletus,

154 2060 298 2192 Flevit
318 2111 556 2225 Xga1½longe
575 2113 621 2186 ab
642 2111 798 2189 ismaele
819 2111 1031 2210 discedens,
1052 2139 1122 2189 nec
1136 2111 1260 2192 voluit
1277 2113 1406 2192 videre
1427 2136 1516 2210 pue·
1534 2146 1603 2200 cea.
1621 2153 1664 2192 n.

154 2235 242 2284 rum
259 2221 491 2282 mouentem.
1419 2267 1434 2296 ,

154 2303 360 2472 Ja{t'g'platu
377 2329 513 2398 magno
529 2303 636 2380 flevit
653 2305 773 2399 Esau,
794 2301 896 2403 quod
910 2301 1208 2378 benedictionem
1226 2303 1342 2400 patris
1363 2301 1519 2374 haberet
1538 2332 1606 2384 oen.
1628 2340 1669 2397 η.

204 2495 321 2586 Venit
342 2493 551 2585 Abraham,
570 2503 615 2568 ut
626 2491 823 2662 plangeret
840 2497 967 2564 Saram
982 2485 1143 2564 uxorem
1163 2518 1270 2563 suam
1292 2491 1519 2566 defunctam.
1539 2519 1607 2571 can.
1627 2511 1671 2565 23.

205 2589 362 2665 Elevata
377 2615 484 2692 voce,
501 2589 608 2664 flevit
649 2588 754 2683 acob,
773 2597 971 2686 postquam
986 2595 1254 2683 recognoverat
1274 2583 1412 2660 Rachel
1435 2609 1521 2658 con·
1539 2618 1608 2670 Gen.
1624 2627 1666 2680 ²s
1767 2611 1775 2626 ‘
1872 2672 1874 2684 Ι

156 2685 348 2764 sobrinam
372 2711 489 2762 suam.

207 2782 399 2878 Stringens
420 2783 522 2856 Esau
539 2779 676 2855 collum
695 2778 828 2875 Jacob,
847 2777 1020 2856 osculans
1043 2803 1154 2872 eum,
1179 2777 1297 2854 flevit.
1509 2857 1514 2866 ,
1540 2808 1610 2860 cen.
1631 2800 1674 2853 as.

208 2878 337 3044 Slcissis
358 2879 528 2972 vestibus
551 2877 665 2952 Jacob
690 2875 848 2952 indutus
871 2889 927 2952 est
949 2877 1088 2973 cilicio,
1109 2875 1241 2974 lugens
1262 2871 1386 2949 filium
1409 2895 1522 2948 suum
1540 2909 1609 2961 cen.
1632 2902 1676 2971 ³7·

155 2985 279 3050 muto
300 2985 374 3045 tem
402 2999 474 3048 ore.

74 3111 80 3116 -
213 3000 406 3138 Commotii
426 3067 583 3139 fuerunt
604 3071 749 3141 viscera
769 3069 908 3165 loseph
930 3095 975 3142 su
1001 3095 1042 3142 er
1066 3068 1182 3142 fratre
1216 3095 1285 3144 suo
1309 3066 1524 3164 Beniamin,
1542 3091 1610 3145 cen.
1628 3079 1672 3151 ⁴³·
1725 3091 1727 3094 ·

161 3169 204 3236 et
225 3169 431 3251 eruperunt
450 3157 644 3252 lacrymae,
666 3172 704 3229 et
722 3162 904 3261 introiens
929 3095 1174 3252 cubiculum,
1196 3163 1316 3236 flevit.

216 3249 391 3327 Elevavit
407 3275 539 3325 vocem
553 3250 692 3360 loseph
710 3276 797 3326 cum
815 3253 927 3347 fletu,
946 3265 982 3326 et
1000 3253 1101 3328 dixit
1118 3253 1299 3326 fratribus
1321 3256 1399 3326 suis
1419 3278 1426 3322 :
1446 3255 1526 3348 Ego
1542 3265 1612 3317 Gen·
1633 3257 1677 3326 45·
1695 3261 1723 3308 ⁶2

166 3344 420 3445 snm'Joseph.
431 3344 537 3416 Idem
554 3343 660 3419 flevrt
672 3371 783 3440 super
796 3362 900 3443 patre
917 3374 986 3422 suo
1000 3350 1316 3422 mortunlterum
1332 3345 1527 3422 flevitfra-
1576 3329 1620 3380 ⁵⁰·
1688 3419 1691 3426 ἡ

165 3445 290 3520 tribus
302 3469 389 3516 eum
408 3437 627 3536 rogantibus
638 3452 703 3532 ,ut
718 3440 1000 3514 oblivisceretur
1018 3443 1160 3538 peccati
1170 3442 1212 3513 in
1224 3466 1312 3526 eum
1328 3441 1526 3512 commissi.

216 3540 364 3634 Vulgus
380 3535 664 3635 promiscuum,
687 3535 788 3632 quod
811 3535 1025 3610 ascenderat
1057 3561 1109 3606 ex
1140 3537 1322 3630 AEgypto,
1357 3533 1528 3626 flagravit
1546 3569 1627 3622 Num·
1649 3581 1686 3618 n.

165 3631 353 3709 desiderio
379 3633 568 3725 carnium,
586 3627 717 3704 sedens
740 3642 779 3703 et
798 3629 912 3724 llens,
928 3632 999 3704 ait:
1021 3627 1116 3721 Quis
1141 3626 1249 3703 dabit
1274 3625 1382 3699 nobis
1399 3651 1528 3700 carues

167 3730 218 3803 ad
252 3723 511 3805 vescendum?

219 3823 440 3916 Vociferans
460 3822 582 3898 omnis
596 3823 729 3914 turba,
744 3820 867 3916 flevit,
886 3833 1166 3896 murmurantes
1180 3831 1218 3894 et
1229 3818 1418 3894 dicentes:
1442 3817 1526 3894 Uti·
1549 3835 1630 3890 Num.
1651 3830 1692 3900 14.

168 3945 262 3997 uam
286 3921 426 3994 mortui
441 3943 606 3993 essemus
627 3919 669 3992 in
692 3919 864 4018 AEgypto.
941 3995 944 4000 ,

200 4111 207 4126 1
224 4013 581 4185 Omfflsbmultitudo
596 4013 729 4092 videns
747 4014 964 4090 occubuisse
982 4014 1125 4110 Aaron,
1142 4013 1250 4090 flevit
1271 4036 1442 4112 supereo
1461 4011 1532 4086 tri-
1549 4023 1630 4078 Num.
1646 4035 1694 4106 ,²⁰¹

198 4124 278 4186 rnta
340 4137 440 4186 eus.

168 4137 197 4212 g
224 4207 312 4282 Filii
337 4207 450 4280 Israel
471 4213 630 4307 Moysen
647 4220 846 4288 mortuum,
860 4206 1049 4283 flevemnt
1070 4209 1224 4304 triginta
1245 4203 1385 4280 diebus.
1549 4216 1629 4266 neat.
1652 4206 1694 4274 tl·
1752 4283 1756 4291 ⁸

224 4302 388 4402 Angelus
405 4303 556 4380 Domini
570 4302 677 4384 venit
690 4303 738 4379 ad
751 4303 877 4382 locum
892 4303 1081 4395 flentium,
1100 4316 1137 4377 et
1155 4301 1423 4400 improperavit
1443 4297 1530 4377 filiis
1550 4296 1611 4354 Μ·
1627 4309 1653 4346 ²·

988 4415 1119 4492 Χ),
