4464 5464
328 389 594 482 TITULUS
626 387 806 477 CLVII.
846 387 1039 476 Societas
1083 387 1312 480 malorum.
1426 411 1509 509 291‘

157 519 1502 552 flm-—m—*n———u———a-——n—-a

13 634 21 658 '
136 619 250 710 lium,
265 603 563 716 et'reprehehsus
578 616 653 690 fuit
669 643 736 712 per
754 615 974 713 prophetam
993 619 1144 692 Domini
1158 618 1369 705 dicentem:
1386 616 1507 711 Impio
1524 644 1644 698 arno.
1661 663 1703 715 ¹9·

13 761 17 802 ς
135 717 279 812 prrobes
291 715 494 804 auxilium,
506 726 543 786 et
557 715 619 804 iis,
639 715 707 809 qui
718 712 879 786 oderunt
895 714 1119 809 Dominum,
1142 729 1304 788 amrcrua
1322 713 1507 812 jungeris,

135 825 174 884 et
197 811 335 908 idcirco
349 813 444 883 ham
462 809 616 882 Domini
638 810 838 882 merebaris
864 823 932 882 eto.
1708 881 1710 893 ,

187 906 369 980 Ochozias
381 933 452 979 rex
465 905 487 976 J
491 904 563 978 uda
578 901 786 976 ambulavit
808 906 849 976 in
865 909 939 980 viis
958 907 1106 1000 Achab,
1121 920 1158 982 et
1174 909 1263 981 secit
1279 907 1422 980 malurn
1445 931 1507 978 co-
1523 927 1549 996 4.
1559 929 1622 998 neg.
1635 927 1661 979 a.

133 1027 216 1078 ram
235 1005 407 1076 Domino.
425 1001 603 1095 Sequitur
618 1023 752 1070 causa:
780 999 904 1072 Gener
920 1005 1022 1076 eninr
1050 1015 1129 1077 erat
1152 1004 1290 1077 Achab.
1343 1061 1351 1078 ,

187 1098 345 1172 Elisaeus
362 1094 544 1190 propheta
560 1094 660 1165 dixit
671 1093 692 1164 J
694 1093 848 1188 osaphat
860 1097 938 1190 regi
948 1098 1078 1170 Isra'el:
1091 1101 1190 1188 Quia
1203 1099 1370 1172 habuisti
1381 1095 1506 1172 foedus
1523 1147 1549 1182 2,
1561 1130 1646 1184 Ρ,,,ι,
1661 1144 1704 1180 20.

136 1219 226 1267 cum
254 1191 439 1284 ochozia,
460 1191 644 1286 percussit
671 1189 857 1262 Dominus
887 1217 998 1286 opera
1031 1205 1120 1288 tua,
1145 1195 1390 1290 contritaeque
1417 1207 1507 1268 sunt

135 1313 267 1364 naves.

187 1385 303 1455 Venit
324 1381 441 1456 homo
459 1381 529 1458 Dei
547 1383 593 1458 ad
614 1384 800 1458 Amasiam
829 1407 953 1480 regem
983 1384 1006 1456 J
1009 1384 1103 1477 uda,
1120 1398 1158 1459 et
1175 1387 1227 1460 ait
1251 1413 1259 1456 :
1282 1387 1314 1458 Ο
1336 1411 1428 1480 rex,
1458 1412 1706 1473 ne2,pffl1.25.

137 1479 350 1574 egrediatur
372 1483 561 1556 exercitus
587 1481 701 1554 Isra'el
727 1493 861 1554 tecum.
890 1479 974 1552 Non
1001 1483 1101 1552 enim
1125 1493 1181 1555 est
1206 1484 1391 1556 Dominus
1419 1507 1508 1555 oum

137 1565 273 1664 Israel,
296 1575 397 1738 guod
425 1577 458 1648 si
481 1590 590 1670 putes
617 1578 657 1648 in
680 1578 813 1659 robore
835 1576 1132 1651 exercitusbella
1151 1579 1377 1672 consistere,
1397 1604 1509 1675 supe-

135 1671 212 1743 rari
238 1679 274 1738 te
317 1670 411 1739 aciet
438 1671 539 1742 Deus
562 1673 609 1741 ab
632 1671 815 1746 hostibus.

186 1763 469 1838 AEdilicantibus
489 1765 577 1838 filiis
603 1765 700 1838 Juda
723 1767 904 1863 templum
921 1781 1004 1864 post
1022 1770 1187 1840 reditum
1215 1769 1262 1840 de
1292 1769 1487 1865 Babylone
1501 1822 1513 1860 ,
1527 1788 1616 1844 ausu.
1629 1789 1654 1840 3.

134 1857 263 2028 hipstes
276 1883 405 1930 eorum
417 1859 622 1932 voluerunt
638 1861 820 1936 aedificare
834 1889 922 1939 cum
935 1863 1026 1937 illis:
1038 1863 1099 1936 llll
1113 1865 1207 1940 ¹verb
1221 1864 1321 1938 bono
1338 1865 1399 1937 usi
1418 1887 1510 1936 oon-
1580 1916 1585 1926 -

135 1982 155 2028 s
187 1981 223 2028 10
248 1966 465 2026 tennerunt.

189 2051 285 2122 Cum
300 2052 400 2122 irent
411 2075 541 2124 onmes
556 2049 604 2125 ad
619 2051 760 2128 vitulos
779 2073 929 2144 aureos,
939 2077 1034 2148 quos
1050 2052 1247 2125 Jeroboam
1262 2053 1417 2144 lecerat,
1434 2055 1510 2125 To-
1527 2077 1594 2128 roa
1611 2091 1634 2126 ι.

135 2149 219 2222 bias
242 2147 343 2218 solus
361 2143 527 2242 fugiebat
546 2151 731 2223 consortia
749 2151 938 2242 omnium,
954 2162 992 2222 et
1006 2149 1181 2244 pergebat
1198 2149 1240 2221 in
1267 2147 1484 2220 Jerusalem.

186 2245 323 2317 Beatus
344 2242 415 2314 Job
438 2241 557 2317 dixit:
577 2245 707 2318 Frater
724 2243 782 2317 sui
801 2245 1024 2336 draconum,
1040 2258 1077 2316 et
1092 2246 1213 2317 socius
1232 2243 1641 2316 Struthionum.10b·³0·

189 2340 285 2428 Cum
303 2339 462 2414 dixisset
478 2343 609 2416 Isaias:
622 2342 693 2415 Vir
706 2341 871 2438 pollutus
892 2340 1000 2412 labiis
1024 2366 1090 2434 ego
1119 2365 1219 2428 sum,
1238 2363 1389 2411 causam
1416 2340 1509 2411 insi·
1528 2345 1579 2394 1⁵³·
1597 2342 1625 2392 ⁶·

135 2461 263 2512 nuans
276 2435 459 2510 subdidit:
469 2439 512 2510 In
525 2439 648 2512 medio
659 2435 806 2535 populi,
823 2435 966 2532 polluta
982 2436 1080 2508 labia
1090 2435 1281 2528 habentis,
1292 2460 1358 2530 ego
1370 2432 1511 2508 habite.

113 2601 120 2621 ,
188 2534 342 2606 Dictum
359 2531 433 2606 luit
460 2534 648 2609 Ezechieli
670 2561 677 2605 :
698 2532 887 2608 Increduli
912 2545 950 2606 et
980 2531 1221 2607 subversores
1250 2542 1341 2605 sunt
1364 2543 1512 2625 tecum,
1528 2558 1624 2612 each.
1638 2574 1665 2612 2.

137 2642 177 2705 et
200 2653 285 2702 cum
311 2631 569 2728 scorpionibus
591 2631 750 2705 habitas.

189 2725 278 2798 Mali
296 2739 433 2800 nocent
459 2729 531 2802 sibi
549 2730 737 2804 invicem:
757 2727 853 2802 Nam
880 2724 957 2802 duo
986 2751 1093 2802 senes
1116 2753 1166 2799 ex
1188 2725 1261 2798 hoc
1288 2737 1512 2821 acceperunt
1530 2763 1601 2812 nan.
1617 2759 1657 2810 ¹3,

136 2821 332 2897 audaciam
348 2823 787 2918 accusandixSusannam,
801 2826 890 2922 quia
900 2827 940 2897 in
954 2823 1080 2896 eadem
1090 2822 1232 2896 malitia
1239 2832 1511 2895 convenerunt.

187 2917 378 3008 Quamdiu
402 2918 518 2994 ludas
537 2920 775 2994 Machabaeus
800 2921 991 2992 confidens
1015 2919 1061 2990 de
1083 2919 1215 2992 divino
1241 2917 1386 2988 auxilio
1401 2917 1514 3010 gessit
1533 2953 1557 2988 ι.
1571 2931 1658 2986 such.
1673 2947 1699 2982 α.

136 3013 237 3084 bella
255 3039 323 3104 pro
343 3015 484 3103 populo
500 3042 587 3104 suo,
606 3017 701 3088 bene
719 3017 753 3089 ei
773 3015 971 3090 suecessit:
992 3039 1080 3086 cum
1097 3037 1190 3087 vero
1206 3009 1401 3084 constituit
1419 3013 1515 3082 ami-
1581 3009 1609 3053 ⁰²
1627 3017 1655 3068 9·

141 3102 270 3176 citiam
289 3114 327 3172 et
344 3105 555 3195 societatem
574 3128 659 3172 oum
681 3109 882 3194 gentilibus
900 3108 1096 3192 hontonis,
1110 3107 1199 3174 lieet
1220 3118 1314 3178 tunc
1335 3108 1514 3199 potentis·

142 3197 264 3288 simis,
286 3197 361 3267 cito
378 3205 462 3291 post
485 3205 680 3288 superatus
702 3193 800 3282 fuit,
823 3207 860 3266 et
885 3196 926 3264 in
948 3194 1046 3264 bello
1073 3195 1215 3266 cecidit.
1335 3218 1339 3226 ·

193 3291 319 3366 Simile
346 3289 480 3362 accidit
497 3285 670 3361 Jonathoe
695 3285 804 3360 fratri
824 3286 943 3358 Judae.
1532 3339 1556 3372 1,
1569 3321 1657 3374 pach,
1671 3300 1713 3373 g„

192 3390 328 3462 Petrus
340 3388 508 3460 existens
527 3409 613 3456 curn
629 3381 822 3478 discipulis
834 3383 874 3455 in
895 3393 1004 3455 noete
1031 3406 1148 3455 coenae
1159 3381 1330 3474 Domini,
1348 3382 1513 3458 multum
1531 3412 1629 3462 marth.
1640 3415 1683 3466 26.

144 3498 225 3560 erat
242 3484 369 3558 audax
385 3495 422 3556 et
438 3505 602 3555 securus.
631 3478 725 3551 Cum
745 3489 871 3550 autem
888 3479 995 3553 venit
1014 3477 1060 3548 ad
1078 3478 1217 3550 atrium
1237 3477 1377 3550 summi
1395 3503 1515 3552 sacer·
1533 3511 1563 3554 ur
1574 3522 1661 3574 supra.

144 3583 262 3674 dotis,
284 3582 489 3653 Dominum
512 3577 558 3650 ad
585 3600 717 3652 vocem
739 3575 853 3647 unius
875 3573 1019 3646 ancillae
1045 3574 1206 3669 negavit.

195 3677 349 3770 Cereus,
371 3678 477 3748 seeirs
494 3677 597 3750 viam
615 3670 765 3764 sedens,
792 3669 1027 3763 mendicans,
1049 3669 1231 3742 clamabat
1246 3667 1292 3740 ad
1311 3667 1515 3742 Dominum
1534 3701 1598 3755 Luc.
1610 3701 1647 3754 18.

146 3773 293 3868 lesum,
312 3787 349 3846 et
371 3774 438 3869 qui
456 3772 655 3870 praeibant,
672 3767 915 3864 increpabant
942 3792 1048 3860 eum,
1067 3778 1111 3839 ut
1133 3778 1281 3838 taceret.

196 3871 281 3944 Non
292 3869 368 3944 suit
383 3873 483 3942 inter
500 3868 626 3941 fideles
639 3863 780 3937 Christi
796 3875 1016 3936 numeratus
1033 3887 1157 3936 eoecus
1179 3861 1242 3934 ille
1259 3873 1388 3954 natus,
1404 3887 1515 3959 quem
1537 3879 1614 3930 toan.
1627 3893 1654 3946 a

148 3967 337 4040 Dominus
354 3965 483 4040 videre
499 3965 605 4057 lecit,
627 3961 746 4034 donec
764 3958 839 4033 fuit
859 3962 1091 4058 eSynagoga
1110 3985 1131 4030 a
1151 3957 1349 4034 Pharisauis
1365 3961 1517 4054 ejectus.

197 4060 435 4134 Plures'mali
450 4063 641 4137 interdum
666 4059 708 4130 in
731 4082 846 4130 unam
874 4055 1009 4130 malam
1034 4057 1245 4128 societatem
1269 4057 1521 4148 conveniunt,
1540 4061 1675 4114 Numm-

150 4168 197 4232 ut
221 4155 331 4228 bonis
355 4155 521 4232 inserant
539 4166 821 4232 nocumentum.
832 4155 890 4229 lta.
909 4163 1169 4230 convenerunt
1179 4151 1311 4232 Balaac
1322 4163 1359 4228 et
1369 4151 1520 4228 Balaam

148 4251 199 4334 ‚ad
228 4249 526 4330 maledicendum
555 4254 642 4329 filiis
673 4248 796 4322 lsrael
1010 4343 1127 4418 002
1198 4255 1201 4261 “
1496 4297 1497 4300 ,
