4502 5484
682 331 688 338 .
734 299 787 382 ao
938 379 944 386 .
1009 259 1272 353 TITULUS
1308 192 1414 350 Xssl:
1457 227 1792 379 Apparitiones.
1853 311 1855 314 .

538 509 604 561 cen.
625 508 666 559 aa.
782 485 963 580 Apparuit
984 486 1167 558 Dominus
1193 485 1293 556 Isaac
1314 487 1360 557 'iu
1381 481 1580 574 Bersabee,
1607 481 1753 558 dicens:
1773 480 1851 572 Ego
1877 503 1963 570 sum
1981 481 2103 555 Deus

734 579 920 652 Abraham
946 583 1061 677 patris
1087 583 1143 654 tui
1169 591 1236 652 etc.
1865 591 1874 608 ¹

535 687 713 739 aenaeam.
782 676 963 768 Apparuit
982 677 1095 750 Jacob
1114 675 1302 750 multoties
1322 675 1427 749 eunti
1443 673 1639 746 adLaban.
1653 673 1743 744 Gen.
1768 671 1825 743 28.
1846 682 1883 742 et
1898 667 2099 746 redeunti.
2191 737 2192 742 ,

734 769 819 864 Cap.
844 769 900 842 31.
923 773 989 846 ubi
1012 775 1122 846 etiam
1144 772 1244 844 dixit
1269 771 1316 843 ad
1337 772 1462 844 Laban
1487 771 1529 841 in
1560 767 1740 842 somniis:
1764 766 1864 840 Cave
1893 793 1941 839 ne
1968 769 2097 864 quid-

733 889 846 1030 qpam
871 891 996 1033 espiers
1022 870 1186 966 loquaris
1206 881 1334 940 contra
1349 866 1471 938 Jacob.
1492 868 1541 938 Et
1559 875 1644 960 post
1660 862 1808 936 locutus
1825 873 1881 934 est
1899 862 2097 938 Dominus

772 961 915 1033 nriesa
967 965 1090 1037 Jacob.

534 1063 620 1115 Ειιιιῑ·
651 1083 698 1132 pn
732 985 757 1054 p
780 1056 934 1146 Quoties
959 1062 1129 1156 apparuit
1151 1061 1297 1158 Moysi,
1319 1069 1357 1132 et
1386 1058 1555 1131 loentum
1577 1056 1612 1128 ei
1630 1054 1762 1147 fuerit,
1788 1055 1903 1128 nirnis
1929 1053 2098 1153 longum
2191 1047 2192 1050 ¹

569 1141 664 1184 ‘mum'
731 1164 827 1222 esset
862 1151 1003 1247 dicere,
1031 1155 1204 1230 videatur
1235 1155 1392 1226 Exodus
1423 1178 1500 1246 cap.
1529 1153 1561 1223 3.
1589 1164 1626 1224 et
1656 1151 1908 1246 sequentibus.
1936 1157 1944 1166 “

533 1249 613 1302 Num.
636 1267 678 1303 ιι·
755 1243 930 1346 ‘Legitur
955 1275 1106 1346 quoque
1133 1250 1338 1321 Dominum
1363 1248 1479 1320 fuisse
1502 1246 1672 1319 locutum
1689 1246 1839 1317 Balaam
1865 1245 2095 1336 dormienti,

729 1353 767 1414 et
793 1341 912 1414 eidem
935 1347 1079 1418 sedenti
1101 1370 1213 1441 super
1241 1344 1406 1436 aunam,
1428 1365 1513 1442 quae
1541 1341 1639 1417 vidit
1662 1341 1857 1436 angelum,
1880 1367 1994 1438 quem
2014 1343 2096 1416 Ba-

728 1437 826 1509 laam
855 1463 933 1510 non
962 1441 1069 1516 vidit.

532 1539 619 1590 Josue·
641 1558 665 1591 ι·
730 1625 753 1698 J
777 1533 921 1698 Pluris&
945 1537 1057 1606 etiam
1090 1536 1239 1608 locutus
1269 1533 1537 1700 est3Dominus.
1556 1532 1603 1604 ad
1636 1533 1749 1606 Josue
1761 1587 1772 1626 ,
1795 1531 1892 1607 sicut
1915 1533 2094 1630 apparuit
2191 1579 2192 1588 ι

620 1631 623 1638 “
754 1631 1358 1715 osue,a.1..5..et1.
2191 1631 2192 1650 ¹

530 1727 617 1780 tuate.
640 1746 663 1780 ι·
777 1723 866 1792 Post
880 1656 1038 1797 moitem
1057 1633 1458 1796 losuebonsuluerunt
1472 1721 1540 1792 filii
1561 1721 1676 1794 Israel
1692 1722 1898 1796 Dominum
1909 1723 2092 1798 dicentes:

730 1816 824 1907 Quis
846 1818 1019 1892 ascendet
1040 1833 1127 1892 ante
1151 1817 1244 1890 nos?
1269 1820 1451 1910 Dixitque
1475 1817 1679 1905 Dominus,
1707 1815 1824 1889 Judas
1848 1819 2031 1892 ascendet.

534 1907 621 1961 'uffic-
641 1927 666 1962 ²·
777 1912 954 1985 Ascendit
986 1916 1139 2012 angelus
1167 1915 1321 1988 Domini
1347 1913 1395 1986 ad
1429 1913 1554 1986 locum
1580 1913 1754 1986 flentium
1787 1923 1824 1984 et
1853 1915 1932 1987 ait:¹
1958 1915 2092 1988 Eduxi

730 2033 799 2083 vos
823 2009 868 2080 de
896 2011 1066 2109 AEgypto.
1974 2091 1978 2096 ,

530 2107 624 2166 ruste..
636 2109 663 2161 ⁶·
778 2105 892 2180 Venit
915 2108 1067 2204 angelus
1095 2108 1248 2184 Domini
1275 2121 1312 2183 et
1342 2108 1514 2204 apparuit
1540 2101 1725 2195 Gedeoni,
1746 2117 1782 2177 et
1809 2104 1879 2176 ait:
1901 2103 2087 2181 Dominus

728 2213 786 2274 tec
799 2231 863 2276 rm.

529 2307 615 2364 Judic·
639 2307 677 2359 ¹3·
776 2229 958 2398 Appuluit
981 2300 1133 2396 angelus
1160 2300 1313 2370 Domini
1339 2295 1455 2367 uxon'
1478 2296 1632 2380 Manus,
1652 2297 1689 2360 et
1711 2286 1783 2360 alia
1804 2287 1891 2362 vice
1916 2294 2091 2383 apparuit

727 2400 863 2468 Manus
902 2398 1040 2490 pariter
1065 2405 1102 2466 et
1125 2393 1241 2468 uxori
1263 2393 1356 2478 ejus.

530 2497 679 2550 anenno.
774 2493 860 2562 Filii
886 2492 1000 2558 lsrael
1026 2485 1236 2576 congregati
1259 2491 1304 2550 ut
1322 2488 1534 2574 pugnarent
1555 2487 1686 2550 contra
1706 2479 1926 2576 Beniamin,
1950 2505 2091 2556 consu-

726 2583 882 2654 luerunt
908 2579 1136 2668 Dominum,
1157 2575 1295 2669 quibus
1318 2575 1386 2645 ait:
1410 2571 1520 2662 Quod
1541 2571 1657 2644 Judas
1674 2586 1771 2647 esset
1788 2575 1870 2652 dux
1886 2578 2085 2656 exercitus.

727 2677 830 2746 Licet
857 2682 984 2766 autem
1012 2670 1068 2741 bis
1097 2670 1240 2743 suerint
1268 2667 1467 2761 debellati,
1500 2679 1627 2742 tamen
1663 2669 1763 2744 dixit
1793 2673 1847 2746 eis
1879 2673 2094 2770 Dominus,

729 2769 829 2864 quod
857 2776 1078 2864 pugnarent.

442 2877 444 2880 ’
533 2889 555 2922 ι·
574 2873 638 2938 seg.
658 2867 683 2919 3·
775 2864 935 2936 Vocavit
955 2863 1140 2935 Dominus
1156 2861 1304 2934 Samuel
1321 2858 1633 2958 quater,tandem
1650 2864 1714 2936 ait:
1733 2863 1900 2961 Loquere
1915 2868 2087 2962 Domine,

728 2963 817 3053 quia
838 2956 985 3031 audivit
1010 2981 1143 3032 servus
1168 2970 1279 3050 tuus,
1295 2959 1406 3055 justa
1428 2958 1629 3032 consilinm
1649 2960 1750 3056 quod
1773 2959 1924 3035 dederat
1945 2966 1980 3036 ei
2002 2967 2085 3040 Heli

731 3055 911 3127 sacerdos.
935 3055 1133 3150 Sequitur,
1152 3053 1294 3127 addidit
1315 3056 1499 3128 Dominus
1522 3066 1565 3126 ut
1585 3067 1777 3151 appareret
1798 3059 1839 3130 in
1861 3059 1962 3155 Sylo.

530 3180 555 3217 a.
579 3165 645 3229 neg.
666 3175 692 3210 ι·
750 3241 753 3248 Ι
776 3149 936 3240 Quando
957 3149 1080 3224 David
1107 3151 1263 3225 debebat
1290 3153 1521 3224 committere
1544 3152 1739 3246 praelium,
1765 3150 1982 3249 frequenter
1999 3183 2085 3244 ,con-

727 3246 871 3414 sulebap
894 3245 1204 3417 qurinum,qui
1235 3271 1380 3344 semper
1400 3247 1538 3346 legitur
1565 3248 1600 3328 ei
1631 3247 1890 3345 respondisse,
1909 3263 1953 3326 ut
1981 3265 2084 3349 patet

723 3345 918 3417 inmotis
975 3346 1037 3416 cis.

530 3453 554 3504 3.
573 3455 634 3522 seg.
655 3453 679 3503 a
774 3441 957 3538 Apparuit
980 3441 1165 3514 Dominus
1193 3439 1380 3513 Salomoni
1403 3438 1546 3538 dicens:
1568 3440 1721 3515 Postula
1743 3444 1844 3538 quod
1865 3443 1935 3518 vis.
1960 3452 1963 3460 ’

530 3545 555 3596 3·
576 3547 636 3614 Ret-
654 3561 680 3615 9·
774 3539 869 3610 Cum
892 3536 1106 3635 perfecisset
1129 3537 1304 3611 Salomon
1325 3532 1524 3610 aedifieium
1547 3537 1681 3611 domus
1699 3538 1870 3630 Domini,
1890 3551 1927 3613 et
1948 3539 2083 3616 domus

601 3663 605 3670 ¹
723 3635 842 3730 regis,
864 3636 1036 3732 apparuit
1059 3635 1093 3708 ei
1119 3635 1327 3732 Dominus,
1354 3632 1528 3737 dixitque
1553 3635 1602 3708 ad
1631 3657 1744 3707 eum:
1771 3635 1913 3712 Audivi
1945 3638 2083 3712 oratio-

724 3757 811 3804 nem
837 3741 954 3801 tuam.
1520 3777 1536 3790 -
2045 3762 2056 3778 ·

530 3833 554 3886 ³·
573 3835 635 3905 seg.
657 3851 697 3886 ιι·
772 3827 903 3897 Eidem
921 3822 1083 3933 'locutus
1109 3837 1186 3919 est,
1208 3827 1405 3930 increpans
1433 3851 1520 3900 eum
1553 3822 1647 3900 dure
1678 3839 1833 3926 propter
1866 3829 2004 3906 scelera
2035 3831 2092 3906 ab.

726 3945 769 3991 eo
796 3943 1002 3990 commissa.

526 4041 554 4101 3,
571 3997 635 4112 rag,
656 4059 695 4110 ¹9·
773 4013 888 4084 Heliae
907 4014 1064 4107 fugienti
1080 4039 1104 4083 a
1122 4013 1213 4088 facie
1232 4015 1397 4109 Iezabel,
1414 4018 1586 4112 apparuit
1601 4019 1754 4113 angelus
1772 4021 1942 4114 Domini,
1959 4025 2026 4118 qui
2045 4023 2079 4097 ei

723 4131 858 4208 panem
872 4123 910 4186 et
925 4134 1063 4211 aquam
1080 4111 1254 4187 ostendit.
1272 4113 1457 4210 Dominus
1473 4137 1624 4212 quoque
1639 4115 1686 4194 iu
1700 4115 1809 4192 sibilo
1823 4141 1924 4196 amec
1943 4119 2082 4196 tenuis.
