4452 5462
449 508 713 599 rrrunns
727 467 973 598 'camin
997 440 1209 641 ruant
1293 593 1298 601 ,
1426 510 1510 621 3η

203 741 297 814 Cum
315 767 489 817 reversus
510 755 606 816 esset
625 741 880 817 Sennacherib
899 741 1046 839 fugiens
1065 768 1086 814 a
1108 741 1131 814 J
1134 739 1258 832 udaea,
1279 740 1326 814 ob
1349 738 1509 834 plagam,
1527 755 1633 810 rous

152 859 265 932 quam
283 851 412 911 contra
427 865 514 912 eum
529 838 667 912 fecerat
684 841 786 914 Deus
799 852 950 936 propter
965 838 1234 936 blasphemiam
1251 861 1377 929 suam,
1390 837 1510 908 uatus

150 931 288 1005 multos
311 933 462 1007 Judaeos
489 933 624 1006 occidit
646 947 717 1007 etc.

199 1027 544 1102 Nabuchodonosor
565 1029 664 1103 dixit
690 1029 882 1104 Holoferni
902 1056 909 1100 :
926 1029 1011 1103 Non
1033 1041 1158 1126 parcet
1179 1027 1310 1102 oculus
1332 1039 1422 1099 tuus
1440 1025 1510 1098 ulli
1526 1043 1672 1097 suffitum..

149 1147 190 1196 re
215 1149 274 1196 no.

191 1149 254 1290 lle
279 1217 480 1292 Holoferne
514 1221 605 1294 verb
632 1233 759 1321 postea
779 1220 916 1317 legitur
943 1246 950 1291 :
982 1220 1092 1312 Quod
1125 1232 1256 1292 tantus
1281 1229 1403 1294 metus
1433 1219 1508 1290 illie
1526 1233 1671 1287 tudina

152 1313 362 1408 provinciis
380 1316 573 1409 incubuit,
596 1331 639 1391 ut
655 1318 918 1390 universarum
940 1318 1092 1390 urbium
1112 1317 1339 1389 habitatores
1361 1317 1510 1387 exirent

150 1408 303 1481 obviam
333 1413 517 1504 venienti,
544 1414 772 1510 excipientes
794 1438 881 1486 euni
909 1438 996 1487 cum
1027 1415 1173 1487 coronis
1196 1424 1232 1485 et
1259 1412 1331 1483 lam
1360 1410 1507 1502 adibus,
1615 1419 1621 1434 '

151 1500 331 1577 ducentes
353 1505 486 1580 choros
507 1509 550 1579 in
571 1508 673 1582 tibiis
703 1519 741 1580 et
765 1511 978 1606 tympanis,
999 1534 1069 1581 nec
1090 1521 1218 1582 tamen
1238 1508 1309 1581 ista
1330 1437 1508 1579 liicientes

148 1595 379 1671 ferocitatem
427 1606 561 1674 ectoris
587 1605 669 1698 ejus
690 1605 861 1698 mitigare
887 1617 1101 1699 potuerunt.

174 1783 182 1798 .
196 1691 295 1778 Quia
313 1627 569 1765 Martlbchaeus
586 1697 854 1789 superbissimo
869 1701 990 1770 Aman
1006 1725 1126 1794 genua
1141 1725 1220 1773 non·
1230 1698 1415 1789 flectebat,
1433 1722 1508 1768 rna·
1527 1699 1620 1754 Esther
1635 1699 1665 1752 ³·1

148 1785 336 1952 3¹⁸.⁶l⁸l{lt
358 1785 479 1859 Amen
509 1813 708 1882 procurare
737 1815 868 1864 omnes
889 1793 1037 1865 Judaeos
1063 1793 1196 1886 occidi,
1224 1819 1337 1888 quam
1360 1817 1510 1884 parcens

147 1905 218 1952 um
248 1906 289 1954 so
303 1908 326 1952 1.

197 1973 255 2047 Ad
271 1979 488 2088 petitionem
516 1979 729 2074 principum
748 1978 897 2076 populi,
919 1980 1094 2076 praecepit
1124 1980 1291 2053 Sedecias
1313 2003 1383 2050 rex
1411 1979 1510 2050 Juda
1526 1971 1623 2036 lercha·
1645 1987 1687 2039 3ὓὲ

143 2069 349 2236 ilerermam
370 2071 591 2170 prophetam
610 2073 711 2148 mitti
728 2073 770 2147 iu
791 2073 931 2168 lacum,
952 2077 994 2149 in
1021 2100 1097 2171 quo
1114 2101 1194 2149 nen
1215 2086 1295 2148 erat
1316 2096 1414 2168 aqua
1440 2099 1509 2144 nec

163 2192 288 2241 umen.
663 2202 666 2210 ·
1301 2189 1306 2198 ·

197 2263 279 2337 Rex
304 2265 512 2364 Babylonis
534 2265 669 2340 occidit
689 2263 786 2339 filios
809 2265 967 2338 Sedeciae
988 2270 1084 2362 regis
1103 2266 1202 2339 Jud'a
1221 2269 1264 2338 in
1290 2263 1413 2338 oculis·
1427 2267 1508 2359 ejus
1525 2270 1622 2322 rerem.
1636 2273 1677 2340 3'9·

143 2359 190 2429 in
209 2360 406 2455 Reblatha,
425 2361 552 2436 oculos
569 2388 719 2459 quoque
735 2364 817 2457 ejus
829 2364 945 2456 eruit,
959 2373 996 2435 et
1007 2365 1135 2436 vinxit
1147 2388 1233 2436 eum
1252 2359 1507 2456 compedibus,

142 2465 193 2527 ut
222 2458 471 2532 adduceretur
496 2458 539 2531 in
572 2458 815 2556 Babylonem.

197 2551 544 2628 Nabuchodonosor
571 2581 642 2627 rex
668 2553 874 2651 Babylonis
895 2553 937 2626 in
966 2552 1128 2626 furorem
1157 2553 1635 2650 versuspraecepit,1³w·2·

143 2662 193 2725 ut
214 2651 380 2746 perirent
402 2674 540 2722 omnes
568 2652 752 2746 sapientes
781 2650 989 2748 Babylonis
1014 2675 1114 2746 :pro
1143 2676 1189 2722 eo
1222 2649 1385 2740 scilicet,¹
1406 2649 1508 2746 quod

145 2772 227 2820 non
256 2758 429 2842 poterant
449 2746 485 2818 ei
515 2749 702 2820 somnium
713 2799 730 2839 ,.
751 2745 852 2842 quod
883 2743 1046 2839 viderat,
1073 2744 1249 2819 indicare.

198 2844 294 2915 Mira
306 2841 503 2916 crudelitas
516 2840 605 2934 fuit,
618 2868 704 2918 cum
724 2840 1072 2916 Nabuchodonosor
1091 2868 1163 2916 rex
1184 2841 1390 2942 Babylonis
1419 2840 1507 2914 fecit
1525 2844 1595 2896 ΒΝ·
1610 2843 1635 2895 ³³

148 2939 268 3011 socios
293 2937 456 3012 Danielis
477 2941 520 3012 in
546 2938 734 3011 fornacem
761 2940 860 3034 ignis
888 2937 1053 3011 ardentis
1079 2939 1199 3012 mitti..

198 3032 408 3100 Antiochus
431 3034 597 3104 ascendit
620 3035 890 3128 lerosolymam
906 3087 915 3123 ‚
934 3031 1029 3117 ,fecit
1050 3032 1187 3112 caedem
1223 3030 1441 3125 hominurn,
1472 3045 1509 3105 et
1526 3049 1546 3083 ¹·
1558 3031 1645 3085 Meci·
1664 3051 1686 3084 ¹·

150 3118 364 3194 effuderunt
388 3125 607 3211 sanguinem
634 3126 873 3192 innocentem
893 3147 959 3214 per
981 3127 1181 3192 circuitum
1205 3124 1509 3198 sanctificationis

149 3211 377 3302 Jerusalem,
395 3223 432 3284 et
460 3209 579 3282 multa
605 3223 672 3282 etc.
1246 3299 1247 3304 ἵ

198 3303 491 3403 Comprehendit
503 3307 694 3377 exercitus
712 3303 942 3377 Antiochum
956 3305 1077 3377 lilium
1096 3308 1274 3382 Antiochi
1289 3322 1326 3382 et
1341 3311 1507 3406 Nysiam,
1529 3331 1551 3368 ¹·
1567 3321 1655 3374 Mach-
1679 3342 1713 3392 7·-

148 3418 187 3480 et
212 3401 373 3511 deduxit
391 3429 460 3476 eos.
481 3400 528 3472 ad
554 3399 803 3493 Demetrium,
830 3401 897 3496 qui
917 3399 1041 3475 voluit
1059 3400 1188 3474 videre
1215 3429 1301 3497 eos,
1316 3415 1353 3476 et
1372 3405 1513 3478 occidit

149 3527 211 3574 eos
231 3512 436 3571 exercitus..

197 3591 383 3691 Tryphon
399 3594 495 3691 cepit
507 3591 708 3666 Jonatham
720 3588 922 3687 proditorie
932 3615 1114 3688 ,cumque
1126 3599 1267 3664 teneret
1284 3615 1385 3686 eum,
1401 3597 1507 3692 petiit
1525 3607 1544 3640 ¹·
1555 3591 1645 3644 '³¹⁰¹‘-

148 3717 218 3788 pro
244 3692 325 3784 ejus
352 3689 571 3764 liberatione
594 3713 674 3760 200.
689 3687 832 3778 talenta
853 3689 1014 3782 argenti,
1042 3700 1079 3760 et
1104 3687 1198 3761 duos
1221 3683 1426 3786 filiosejus.
1439 3718 1506 3786 pro
1591 3661 1628 3710 ²³⁸

150 3785 352 3858 obsidibus.
365 3786 469 3876 Quos
481 3809 566 3857 cum
579 3784 748 3874 haberet,
764 3781 898 3856 occidit
911 3783 1137 3880 nequissime
1149 3793 1290 3880 patrem
1303 3807 1388 3858 cum
1405 3785 1502 3861 filiis.

198 3881 359 3977 Rogatus
390 3908 414 3952 a
438 3879 606 3954 Menelao
632 3879 887 3969 Andronicus,
910 3892 947 3953 et
970 3905 1037 3977 per
1062 3903 1231 3975 munera,
1258 3906 1343 3975 quac
1365 3886 1504 3980 accepit
1524 3882 1649 3937 ²·l12011·
1664 3884 1690 3952 l·

149 3975 204 4048 ab·
218 4002 279 4070 eo,
303 3990 520 4072 corruptus,
540 3975 676 4049 occidit
699 3974 835 4046 Oniain
862 3997 1051 4048 summum
1071 3976 1308 4048 sacerdotem

197 4073 278 4144 Rex
309 4072 516 4154 Antiochus
543 4072 752 4144 Menelaum
778 4069 969 4144 hominem
992 4072 1209 4167 sacrilegum
1231 4071 1277 4144 de
1304 4073 1503 4150 sceleribus
1524 4081 1636 4136 niuem

9 4195 14 4222 τ
137 4167 287 4249 ,multis
304 4181 522 4240 accusatum
535 4163 724 4256 absoluit,
737 4177 773 4237 et
796 4178 1040 4240 accusatores.
1053 4170 1135 4264 ejus
1153 4181 1271 4240 morte
1290 4168 1483 4245 damnavit
1497 4228 1516 4267 ,-

149 4275 189 4336 et
205 4289 293 4336 eum
319 4263 529 4337 immunem
557 4261 729 4333 diuisit(
815 4262 819 4270 '
1485 4289 1497 4306 ¹

198 4355 359 4438 Nimiam
369 4358 623 4431 crudelitatem
636 4358 675 4427 in
688 4355 905 4428 Eleazarum
918 4357 972 4430 illi
985 4358 1141 4455 tyranni
1153 4359 1503 4436 ahAntiochomissi
1525 4391 1549 4428 2·
1563 4377 1651 4432 nach.
1662 4379 1700 4432 σ..

150 4467 426 4552 exercuerunt,
436 4467 472 4528 et
492 4452 662 4527 similiter
672 4453 713 4526 in
724 4451 807 4526 illos
820 4467 959 4551 septem
971 4455 1171 4552 tratres,et
1187 4481 1316 4532 eorum
1334 4471 1511 4534 matrem..
1523 4451 1594 4516 ⁰²5³·
