4464 5464
717 506 799 617 29⁰
906 491 1178 582 TITULUS.
1215 490 1386 579 CLVII.
1431 479 1624 574 Societas
1661 483 1898 578 malorum.

728 625 2119 669 W

521 765 589 826 cea.
603 783 644 822 u.
766 715 851 810 Non
868 737 989 812 solnm
1009 759 1178 830 corpore,
1196 729 1385 804 sedetiam
1402 719 1624 816 cogitatione
1639 727 1677 790 θῒ
1693 717 1887 796 affectibne
1904 739 1962 800 est
1981 737 2117 828 patria

718 835 973 922 reliumiruda.
991 831 1102 906 Unde
1119 830 1218 903 dixit
1239 823 1424 898 Dominus
1446 816 1491 889 ad
1515 811 1724 927 Abraham,
1741 841 1827 928 cum
1852 821 1929 915 jam
1942 843 2125 924 corpore'

720 929 1058 1023 esirrtzligredere
1089 926 1134 997 de
1158 938 1256 998 terra
1282 931 1349 992 tua
1376 925 1444 988 etc.
1473 910 1570 982 Nota
1599 935 1867 1024 pr0m1ssroues
1883 920 1937 993 ibi
1970 923 2110 1004 factas.

520 1051 644 1106 court.
767 1026 957 1114 Quamdiu
997 1023 1071 1095 fnit
1111 1020 1299 1094 Abraham
1335 1035 1423 1104 cnm
1461 1031 1647 1120 perversis
1666 1006 1901 1122 vhormnibus
1934 1021 1978 1093 in
2017 1023 2108 1099 Hm

522 1117 670 1190 ΜΝ·
719 1121 996 1212 Chaldaeorum,
1025 1143 1103 1190 non
1133 1117 1270 1212 legitur
1303 1111 1337 1184 ei
1370 1109 1555 1178 Dominus
1581 1128 1823 1213 ‘apparrussm
1845 1111 1933 1184 licet
1974 1118 2106 1194 bonus

719 1219 836 1292 fuisse
867 1218 1049 1289 credatur.
1084 1212 1155 1285 Sed
1188 1221 1388 1309 postquam
1403 1199 1502 1305 'inde
1529 1213 1718 1300 exiverat,
1736 1202 1874 1300 legitur
1902 1213 2103 1290 multoties

720 1316 861 1390 divinis
884 1309 1181 1408 apparitionibus
1207 1307 1395 1383 visitatus.
1426 1308 1427 1321 ¹
1661 1395 1668 1410 ι

519 1439 589 1492 cen.
608 1437 646 1490 ιε.
662 1451 703 1507 ¹9·
771 1411 934 1506 injurias
950 1423 985 1481 et
1003 1412 1166 1504 jacturas
1190 1427 1321 1501 passus
1339 1411 1396 1472 est
1411 1394 1511 1480 Loth
1528 1419 1551 1464 a
1573 1397 1745 1490 pessimis
1761 1397 1977 1498 Sodomitis,
2007 1433 2099 1484 cum

723 1505 861 1606 quibus
880 1505 1095 1597 habitabat,
1115 1500 1179 1579 vel
1200 1503 1370 1599 ipsorum
1401 1494 1603 1568 occasione.
1709 1592 1715 1606 ⁹

520 1625 631 1681 Eodem.
769 1605 892 1695 Quam
915 1601 1063 1674 difficile
1097 1601 1146 1673 sit
1171 1598 1359 1673 malorum
1391 1600 1609 1664 consuetam
1643 1600 1847 1667 societatem
1869 1597 2088 1698 dimittere,

487 1713 489 1720 '
720 1712 823 1799 patet
845 1725 911 1794 per
937 1697 1055 1793 Loth,
1076 1697 1144 1794 qui
1166 1694 1212 1768 de
1234 1689 1358 1770 medio
1376 1687 1623 1762 Sodomorum
1644 1687 1711 1760 vix
1730 1713 1794 1784 per
1813 1692 1982 1788 angelum
2001 1725 2083 1774 ex-

720 1795 822 1868 trahi
877 1800 985 1864 otuit.

521 1900 589 1952 Gen·
604 1911 646 1948 2¹·
768 1821 900 1961 Ludis
922 1888 1088 1975 Ismahlis
1115 1911 1202 1962 cum
1224 1885 1326 1958 Isaac
1347 1881 1537 1978 displicuit
1565 1879 1673 1952 Sane.

521 2007 590 2061 eeu.
604 2004 647 2054 28.
769 1985 990 2152 Fpgientem
1016 1983 1130 2058 Jacob
1150 1981 1292 2058 malum
1305 1979 1472 2054 ‘fratrem
1487 1977 1605 2070 Esau,
1626 1977 1811 2048 Dominus
1832 1983 2087 2080 multipliciter

722 2107 793 2155 con
812 2083 961 2156 ortavit.
1867 2108 1869 2112 .

521 2192 590 2246 Gen·
605 2191 649 2244 ³³·
771 2179 901 2252 Noluit
930 2177 1044 2251 Jacob
1075 2177 1266 2252 ambulare
1293 2200 1382 2249 cum
1414 2171 1513 2270 malo
1534 2170 1667 2261 fratre,
1690 2171 1777 2247 licet
1799 2174 1978 2270 placasset
2003 2205 2086 2254 eum

720 2275 958 2366 muneribus,
978 2286 1016 2347 et
1038 2275 1101 2347 ille
1122 2275 1211 2348 satis
1231 2275 1407 2364 instaret,
1429 2284 1466 2348 ct
1485 2269 1589 2364 signa
1612 2267 1823 2344 dilectionis
1848 2272 2064 2350 ostenderet.

522 2399 603 2456 Num.
617 2399 655 2452 ισ.
769 2373 879 2445 Dixit
892 2374 1042 2470 Moyses
1063 2371 1109 2444 ad
1128 2371 1277 2445 turbam
1294 2369 1459 2442 filiorum
1480 2365 1614 2438 Israel:
1632 2367 1828 2440 receditea
1845 2372 2088 2448 tabernaculis

720 2467 919 2542 homiuum
944 2470 1166 2564 impiorum,
1182 2480 1219 2540 et
1234 2468 1351 2541 nolite
1372 2479 1541 2562 tangere,
1563 2487 1648 2558 quaa
1667 2463 1714 2534 ad
1734 2489 1797 2538 eos
1821 2468 2021 2564 pertinent,
2038 2497 2086 2544 ne

719 2565 971 2641 involvamini
989 2567 1031 2638 in
1049 2566 1208 2662 peccatis
1227 2589 1369 2638 eorum.

522 2669 603 2722 num.
617 2668 659 2722 ³3·
768 2663 1072 2734 DixitDominus
1089 2657 1237 2761 Moysi:
1254 2662 1417 2756 Praecipe
1434 2658 1523 2732 filiis
1540 2659 1674 2751 Israel,
1695 2671 1737 2732 ut
1751 2663 1936 2736 intrantes
1952 2677 2084 2738 terram
2124 2697 2129 2718 ¹

722 2756 921 2850 Chanaan,
943 2758 1159 2857 disperdant
1185 2770 1340 2832 cunctos
1358 2756 1585 2829 habitatores
1603 2757 1761 2851 regionis
1779 2757 1890 2828 ilhns.
1907 2761 1943 2830 Si
1960 2773 2087 2832 aurem
2134 2757 2141 2768 “

720 2855 917 2932 nolueritis
933 2855 1161 2952 interficere,
1179 2857 1247 2954 qui
1262 2853 1528 2946 remanserint,
1548 2864 1658 2925 enmt
1678 2852 1779 2924 vobis
1796 2853 1905 2943 quasi
1923 2852 2024 2924 oleri
2038 2859 2083 2926 iu

721 2949 858 3036 oculis,
885 2963 922 3016 et
938 2951 1075 3018 lanceae
1102 2955 1143 3018 in
1167 2953 1357 3022 lateribus.
1803 2994 1817 3006 ·

521 3055 608 3104 tuus.
623 3067 648 3118 7·
772 3039 974 3113 Occasione
993 3039 1142 3135 Achan,
1162 3043 1230 3140 qui
1241 3044 1328 3118 tulit
1342 3043 1388 3118 de
1403 3043 1633 3132 anathemate
1648 3038 1902 3133 Jericho,iuit
1917 3043 2085 3138 populus

720 3135 769 3210 in·
785 3136 914 3230 praelio
936 3151 1143 3234 superatus.

520 3240 607 3293 Judic·
622 3256 664 3306 ¹9·
769 3233 926 3332 Propter
939 3235 1118 3333 quosdam
1140 3236 1234 3312 filios
1248 3239 1383 3334 Belial,
1426 3243 1466 3314 ui
1484 3240 1526 3314 in
1544 3263 1703 3312 uxorem
1713 3235 1855 3307 Levitae
1871 3235 2087 3312 detestabile

568 3315 597 3358 ἰ
609 3323 652 3358 ²⁰·
720 3327 906 3426 flagitium
940 3334 1224 3430 perpetralrunt,
1247 3363 1378 3412 omnes
1399 3267 1473 3411 ltu·
1499 3335 1716 3432 Beniamin,
1743 3335 1872 3430 paucis
1900 3337 2088 3431 exeeptis,

720 3427 899 3502 trucidati
922 3430 1089 3504 suerunt.

522 3537 609 3592 audie.
626 3557 645 3591 t.
770 3515 981 3601 Noluerunt
1001 3526 1122 3601 delere
1137 3527 1206 3602 filii
1224 3533 1338 3606 Isratil
1360 3533 1587 3607 habitatores
1605 3539 1730 3618 terrae,
1751 3527 1847 3600 sicut
1865 3541 2089 3624 pncoept’rat

570 3615 597 3660 ‘t
610 3625 635 3661 ²·
721 3621 774 3694 eis
793 3621 995 3718 Dominus,
1018 3624 1081 3697 sed
1098 3643 1363 3721 percusserunt
1379 3631 1503 3703 soedus
1520 3652 1605 3698 cum
1624 3627 1693 3713 eis,
1709 3635 1746 3696 et
1761 3625 1857 3695 male
1874 3624 2007 3696 accidit
2025 3628 2087 3698 eis.

519 3761 544 3795 2.
560 3745 675 3812 nupia.
768 3717 960 3812 Amicitia,
979 3747 1091 3818 quam
1113 3721 1245 3798 habuit
1265 3729 1414 3800 Amnon
1432 3727 1532 3799 filius
1548 3722 1668 3798 David
1684 3747 1769 3793 cum
1787 3721 1973 3813 ionadab,
1986 3721 2089 3794 dedit

720 3813 756 3884 ei
780 3814 882 3887 viam
910 3817 1065 3910 adhoc,
1088 3817 1189 3916 quod
1211 3819 1375 3896 Thamar
1395 3849 1557 3898 sororem
1585 3819 1820 3916 opprimeret.

518 3943 543 3980 α.
556 3929 620 3996 neg.
639 3925 680 3980 ιε.
767 3909 1019 3986 Rebellionem
1040 3916 1260 4012 disponente
1277 3919 1438 3993 Absalou
1457 3930 1586 3994 contra
1601 3927 1743 4012 patrem
1770 3937 1876 3985 suum
1891 3965 1900 4000 ,
1913 3912 2090 3987 inierunt

717 4002 829 4078 multi
847 4032 934 4083 cum
953 4037 997 4084 eo
1019 4012 1177 4108 simplici
1193 4015 1319 4106 corde,
1339 4016 1425 4089 licet
1441 4011 1711 4088 conuenae-id
1730 4007 1824 4082 nihil
1842 4007 1924 4078 mal·
1948 4009 2090 4083 maehi-

716 4101 798 4175 nati
819 4101 994 4198 fuissent,
1015 4107 1046 4178 si
1070 4131 1155 4180 cum
1176 4110 1283 4184 bouis
1309 4113 1470 4207 pacificis
1489 4114 1529 4184 iu
1547 4105 1751 4182 Jerusalem
1775 4109 2059 4178 remansissent.

515 4227 670 4296 anesus.
763 4199 920 4298 Propter
946 4201 1122 4300 quosdam
1146 4211 1361 4300 superstites
1381 4209 1425 4282 de
1447 4209 1558 4280 (lunio
1581 4204 1686 4294 Saul,
1707 4201 1804 4273 sacta
1831 4215 1887 4274 est
1912 4199 2027 4272 lituus
2043 4205 2086 4274 in

714 4305 832 4388 terra,
854 4297 972 4371 donee
988 4299 1032 4371 ad
1052 4301 1266 4395 petitionem
1286 4307 1577 4378 Gabaonitarum
1601 4299 1776 4372 crucifixi
1796 4297 1962 4370 l'uenmt.

513 4415 539 4469 s.
553 4419 668 4490 nepai.
762 4393 844 4472 Rex
860 4391 883 4472 J
886 4393 968 4474 ndae
984 4395 1162 4502 iosaphat
1173 4396 1248 4478 furt
1261 4401 1340 4480 scic
1354 4405 1515 4504 cccmus,
1530 4399 1672 4486 radens
1688 4420 1776 4474 cnm
1789 4394 1920 4474 Achab
1935 4391 1984 4466 ad
1995 4417 2088 4492 prae
2150 4483 2158 4500 ·
