4502 5484
279 416 549 532 TITULUS'
576 441 693 528 XIV.
740 443 913 528 Astutia
949 435 992 528 et
1019 443 1244 528 Calliditas
1274 445 1402 529 mala.
1441 449 1527 528 -23

602 680 912 767 TITULUS
958 678 1087 765 XIV.

967 819 972 832 Ι

504 878 675 962 Astatia
713 895 755 961 et
795 876 1018 960 Callt'dt'tcs
1053 875 1144 961 mal
1168 933 1211 960 .-

163 1014 363 1152 Primum
389 1071 612 1166 magistrum
638 1067 849 1142 calliditatis
864 1079 901 1140 et
918 1067 1125 1162 mendacii,
1141 1094 1208 1141 seu
1231 1069 1400 1160 astutiae,
1425 1079 1527 1164 patet
1544 1076 1658 1142 cent.

163 1167 284 1242 fuisse
313 1165 507 1240 diabolum
534 1167 578 1239 in
604 1176 785 1259 serpente.
821 1165 899 1255 Qui
930 1188 1018 1236 cum
1043 1164 1212 1236 callidior
1250 1176 1347 1236 esset
1380 1167 1526 1238 cunctis

161 1262 442 1352 animantibus,
461 1261 621 1358 primam
640 1258 837 1332 mulierem
856 1257 1019 1332 seduxit.
1038 1258 1125 1332 Non
1141 1261 1243 1330 enim
1256 1258 1379 1332 voluit
1397 1260 1527 1335 virum

159 1356 317 1454 aggredi
339 1359 531 1452 primum,
555 1381 668 1454 quem
688 1355 827 1429 sciebat
845 1356 981 1448 majori
1002 1353 1226 1428 discretione
1252 1352 1434 1427 dotatum.

208 1452 408 1526 Multoties
440 1451 565 1528 voluit
597 1451 772 1526 seducere
806 1450 920 1524 Jacob
953 1461 1128 1546 nepotem
1162 1475 1304 1541 suum,
1341 1449 1453 1522 modo
1484 1452 1527 1523 in
1546 1463 1614 1518 cen.
1630 1462 1674 1514 aa

158 1573 309 1640 uxore,
336 1548 450 1622 modo
474 1549 517 1622 in
540 1547 731 1640 mercede,
754 1549 883 1621 Laban
900 1545 1040 1618 scilicet
1063 1571 1167 1622 socer
1192 1548 1287 1642 ejus.
1308 1545 1379 1618 Sed
1388 1546 1530 1619 ‘Domi-

160 1663 237 1718 nus
264 1644 306 1716 in
329 1642 463 1718 fraude
483 1645 866 1719 circumvenientium
894 1642 950 1715 illi
965 1640 1083 1715 affuit.

211 1739 312 1812 Cum
334 1740 464 1814 laban
481 1752 715 1815 scrutaretur
727 1737 1018 1838 suppellectilem
1037 1739 1151 1812 Jacob
1163 1751 1202 1812 et
1215 1740 1364 1814 veniret
1377 1738 1427 1812 ad
1444 1754 1531 1815 ten·
1546 1745 1615 1809 nenss
1634 1753 1677 1806 ει.

159 1835 307 1910 terium
331 1835 492 1932 Rachel,
516 1837 621 1910 illam
645 1835 938 1910 sollicitudinem
960 1837 1164 1932 quaerentis
1186 1847 1310 1909 astute
1331 1834 1479 1910 delusit.

210 1931 417 2006 Saevientes
444 1935 493 2006 ob
517 1945 693 2029 stuprum
723 1933 860 2007 sororis
884 1956 963 2005 suae
983 1933 1108 2029 Dynae
1130 1929 1201 2004 filii
1228 1932 1370 2024 Jacob,
1398 1932 1532 2008 callide
1548 1947 1616 1999 Gea-
1631 1941 1677 2008 ³4·

161 2037 368 2100 suaserunt
388 2053 396 2096 ε
418 2027 570 2102 Sichem
598 2037 647 2100 et·
666 2027 834 2102 civitatis
851 2053 901 2122 po
927 2025 1037 2098 ulum
1061 2025 1291 2100 circumcidi.
1318 2028 1404 2118 Quo
1430 2027 1530 2102 facto

156 2122 360 2194 irruerunt
385 2122 428 2194 in
456 2147 546 2212 eos,
567 2133 606 2194 et
627 2120 801 2194 faciliter
818 2053 1050 2196 occiderunt.

210 2213 441 2314 Filii-Jacob
462 2215 674 2318 voluertmt
701 2215 871 2372 decipiare
897 2229 1064 2324 patrem,
1090 2215 1246 2312 quando
1266 2217 1436 2290 tunicam
1466 2219 1532 2290 Jo-
1548 2240 1618 2292 Gen.
1633 2237 1680 2308 35.

160 2299 261 2394 seph
289 2313 494 2374 tinxerunt
516 2325 698 2394 sanguiue
714 2307 775 2371 hae
828 2320 1053 2392 ,mittentes
1070 2311 1137 2398 qui
1159 2309 1327 2380 dicerent
1346 2315 1382 2382 ei
1400 2337 1408 2380 :
1426 2313 1532 2383 Hane

30 2435 31 2440 κ
156 2394 411 2486 invenimus,
439 2393 528 2468 vide
552 2405 684 2464 utrum
712 2396 842 2463 tunica
868 2395 940 2468 filii
963 2395 1020 2468 tui
1042 2397 1116 2490 sit,
1135 2421 1184 2467 an
1205 2401 1324 2468 nou?

210 2488 391 2562 Diversas
414 2485 647 2582 excogitavit
669 2486 826 2558 astutias
845 2486 994 2559 Pharao
1017 2513 1089 2560 rex
1118 2491 1271 2586 AEgypti
1298 2489 1344 2560 ad
1367 2492 1462 2584 boc,
1488 2506 1532 2566 ut
1548 2503 1633 2558 Exod.
1646 2524 1670 2558 ι.

156 2587 263 2662 filios
291 2583 405 2657 Israel
421 2582 590 2656 totaliter
605 2581 823 2677 extirparet.
849 2581 907 2654 Ad
928 2581 1002 2654 hoc
1024 2581 1160 2672 etiam,
1182 2595 1227 2656 ut
1241 2585 1358 2656 cosin
1371 2588 1533 2686 AEgypto
1559 2668 1562 2679 ,
1582 2580 1610 2623 ‘²
1622 2575 1655 2628 ⁵·

156 2681 428 2772 interimeret,
459 2692 497 2752 et
520 2676 741 2752 nullatenus
770 2677 943 2752 recedere
966 2689 1167 2774 pateretur.
1557 2684 1560 2693 '

211 2773 375 2852 Malefici
400 2775 610 2850 Pharaonis
639 2783 829 2870 quantum
858 2773 906 2846 ad
938 2773 1015 2847 duo
1041 2773 1172 2870 signa,
1206 2775 1329 2871 prima
1359 2774 1531 2852 fecerunt
1547 2795 1633 2851 Eme
1651 2796 1681 2848 o.

110 2947 114 2954 ,
159 2900 233 2974 per
262 2872 568 2963 incantationes,
588 2870 686 2944 sicut
705 2867 844 2944 fecerat
866 2874 1028 2968 Moyses.

214 2967 400 3043 Malitiose
422 2968 542 3052 locuti
566 2978 658 3039 sunt
682 2965 827 3060 Chore,
854 2978 892 3042 et
913 2965 1112 3062 complices
1132 2969 1235 3061 ejus,
1250 2969 1403 3066 quando
1425 2979 1534 3043 stete-
1549 2987 1629 3039 Num.
1642 2983 1688 3036 so.

160 3079 260 3142 runt
282 3077 413 3138 contra
436 3069 598 3162 Moysen
631 3073 669 3136 et
695 3063 826 3156 Aron,
862 3061 1029 3136 dicentes
1053 3089 1061 3132 ι
1083 3063 1249 3136 Sufficiat
1276 3065 1408 3158 vobis,
1442 3068 1533 3162 quia

164 3163 294 3235 omnis
320 3160 528 3239 multitudo
551 3171 768 3232 sanctorum
791 3171 869 3251 est,
900 3171 938 3230 et
955 3159 997 3232 in
1015 3158 1106 3254 ipsis
1132 3171 1188 3232 est
1208 3161 1406 3235 Dominus.
1430 3161 1533 3251 Quid

161 3257 370 3334 elevamini
393 3285 438 3335 su
465 3283 506 3330 er
527 3256 710 3352 populum
729 3254 885 3328 Domini
905 3251 924 3325 l
1170 3343 1172 3350 Ι

218 3353 412 3428 Vidensll
451 3376 493 3422 ac
515 3375 587 3424 rex
615 3351 888 3444 Moabitarum,
918 3349 1019 3448 quod
1043 3349 1269 3424 fortitudine
1302 3351 1400 3426 filios
1417 3353 1533 3426 lsra'el
1549 3368 1690 3420 Nomas.

160 3453 321 3527 vincere
355 3471 436 3520 non
459 3455 624 3540 poterat,
649 3445 774 3517 voluit
800 3470 862 3517 eos
886 3447 1146 3518 maledictione
1168 3446 1319 3518 Balaam
1347 3473 1531 3542 superare.

216 3545 429 3620 Gibeonitae
456 3535 676 3626 audientes,
698 3561 783 3631 quae
807 3537 947 3612 fecerat
963 3541 1080 3612 Josue
1101 3539 1278 3611 Hiericho
1294 3554 1331 3611 et
1345 3543 1441 3632 Hai,
1457 3541 1533 3613 cal-
1548 3554 1633 3603 Icms
1646 3567 1678 3620 o·

161 3641 246 3718 lide
269 3640 560 3734 cogitaverunt,
585 3630 776 3729 quomodo
797 3631 944 3730 possint
972 3635 1027 3706 ita
1045 3631 1192 3724 facere,
1215 3631 1318 3728 quod
1339 3659 1419 3710 non
1435 3648 1532 3710 tota-

157 3740 259 3814 liter
284 3733 511 3808 delerentur.

220 3834 409 3908 (laverant
440 3825 655 3918 Philistini,
686 3851 735 3898 ne
760 3825 867 3898 faber
896 3821 1077 3896 serrarius
1098 3825 1336 3902 inveniretur
1360 3828 1403 3901 in
1430 3831 1534 3904 omni
1550 3851 1645 3920 amp
1658 3849 1703 3904 n.

161 3944 273 4002 terra
291 3925 429 4018 lsrael,
455 3950 504 3998 nc
526 3921 623 4004 forte
646 3921 795 3995 Hebraei
818 3920 982 3994 facerent
1001 3919 1189 4015 gladium,
1212 3936 1278 3996 aut
1301 3926 1457 3998 lancem.

222 4022 309 4096 Saul
331 4019 516 4110 invidens
542 4019 780 4117 prosperitati
801 4016 943 4110 David,
974 4015 1073 4090 dixit
1099 4015 1145 4090 de
1170 4019 1248 4092 lilia
1279 4021 1719 4118 suauic1101,1‚s.,..s.

162 4143 289 4218 quam
307 4115 432 4196 David
447 4117 586 4191 habere
601 4113 770 4190 volebat:
788 4115 894 4187 Dabo
922 4137 1003 4186 eam
1024 4113 1103 4208 illi,
1119 4121 1165 4188 u‘t
1185 4115 1252 4190 fiat
1266 4119 1301 4190 ei
1319 4119 1360 4191 in
1377 4117 1532 4191 scauda—

158 4217 276 4308 tum,
298 4226 338 4290 et
359 4213 408 4301 sit
423 4239 536 4310 super
557 4237 644 4287 enm
662 4235 798 4285 manus
815 4207 1104 4285 Philistinorum
1126 4236 1135 4281 ι
1153 4213 1263 4290 Dixit
1279 4238 1367 4319 crgo
1381 4214 1537 4289 stum

162 4311 297 4394 David
325 4336 333 4386 2
357 4309 399 4390 in
421 4307 569 4386 duabus
591 4309 705 4386 rebus
728 4331 842 4405 gener
858 4331 969 4384 meus
990 4308 1066 4382 eris
1088 4305 1218 4396 hodie.
