4452 5462
128 537 405 636 'UTULUS
429 537 646 633 CLXVII.
672 538 879 632 Tentatio
904 539 1192 664 hominis-{ier
1207 539 1372 636 Deum:
1408 547 1499 634 ‘30¹0'

140 775 293 944 anysius
316 797 402 847 eum
425 771 705 870 liberaret,·qui
722 785 848 848 tamen
863 774 1131 850 velociterhoc
1153 777 1274 851 facere
1294 779 1493 880 potuisset,

141 899 179 946 se
222 867 477 967 -apprehendit
498 867 718 950 branchiam
744 874 848 968 ejus,
880 883 917 943 et
941 872 1060 945 traxit
1090 897 1177 947 eum
1203 875 1245 946 in
1281 874 1432 947 siccum.

190 969 299 1041 Ozias
320 964 451 1038 statuit
471 988 559 1035 cum
577 966 738 1058 populo,
767 969 812 1038 ut
831 969 1027 1040 transactis
1059 970 1227 1082 quinque
1246 969 1396 1063 diebus,
1419 967 1495 1042 nisi
1506 989 1613 1047 'suffitu
1633 993 1660 1048 t.

134 1064 287 1138 reniret
304 1059 557 1156 adjutorium,
579 1057 768 1134 traderent
795 1087 833 1133 se
858 1061 1061 1136 Holoferni.
1092 1066 1201 1137 Dix1t
1219 1076 1345 1138 autem
1358 1063 1495 1138 'Judith

139 1157 370 1255 presbyteris
387 1154 550 1226 civitatis
570 1179 578 1223 :
603 1157 722 1253 etqui
748 1157 835 1228 estis
862 1183 930 1230 vos
943 1191 958 1251 ¹,
979 1159 1046 1253 q'ui
1064 1163 1225 1233 'tentatis
1254 1157 1495 1233 Dominum?

140 1278 220 1326 non
245 1263 302 1322 est
323 1251 393 1322 iste
419 1274 561 1342 sermo,
589 1251 657 1346 qui
686 1251 973 1326 misericordiam
998 1267 1186 1348 provocet.

189 1347 372 1417 Tentatus
391 1345 576 1418 Dominus
603 1370 625 1417 a
651 1345 825 1438 diabolo,
845 1359 888 1420 ut
909 1350 987 1444 ipse
1012 1348 1113 1420 sede
1130 1349 1345 1445 ⁴pennaculo
1366 1350 1495 1446 templi
1514 1361 1647 1430 nauta.

114 1507 119 1512 .
139 1440 408 1536 praecipitaret,
430 1433 645 1535 respondit:
663 1442 748 1517 Non
770 1445 930 1516 tentabis
949 1444 1159 1518 'Dominum
1178 1447 1331 1520 Deum:
1351 1431 1577 1542 poteram·
1591 1430 1617 1495 4·

142 1537 243 1608 enim
264 1535 375 1634 aliter
392 1535 624 1609 descendere.
925 1605 934 1618 ,

189 1629 367 1702 Pharisaei
401 1629 571 1703 volentes
598 1655 727 1727 capere
754 1633 882 1706 Jesum
905 1635 946 1706 in
971 1659 1158 1728 sermone,
1187 1635 1359 1710 fecerunt
1381 1637 1427 1707 ab
1455 1661 1499 1707 eo
1516 1650 1617 1704 Maru.
1632 1662 1676 1700 υ,

140 1725 278 1820 quaeri,
302 1735 428 1796 utrum
440 1723 575 1797 diceret
591 1725 678 1796 dare
690 1729 831 1800 tributa
841 1729 1004 1822 Caesari,
1020 1757 1068 1803 an
1090 1758 1179 1805 non.
1196 1731 1331 1824 Jesus,
1354 1731 1501 1826 cognitd

140 1817 312 1984 neguitid
338 1843 466 1889 eorum
480 1820 572 1907 ,0ait
595 1845 602 1888 :
631 1819 722 1927 quid
745 1847 804 1894 me
821 1827 974 1895 tentatis
996 1825 1207 1920 hypocritae
1234 1840 1301 1896 cto.

223 1921 292 1984 um
315 1911 723 2005 ejecisset-daemomum
741 1918 945 2005 Dominus,
966 1929 1003 1987 et
1017 1919 1236 2012 loqueretur
1250 1930 1398 2008 mutus,
1414 1919 1503 2013 qni*
1517 1941 1580 1994 Luc.
1595 1957 1627 1993 n.

22 2001 27 2014 '
100 2008 105 2014 ’
143 2008 229 2080 dam
258 2019 463 2096 tentantes,
492 2006 638 2099 signum
656 2005 701 2076 de
727 2007 821 2078 coelo
841 2010 1060 2102 quaerebant
1073 2012 1119 2081 ab
1146 2036 1200 2080 eo.

69 2169 73 2174 .
183 2103 293 2175 Dure
320 2101 546 2196 increpando
576 2100 677 2173 dixit
704 2101 837 2173 Petrus
864 2101 1028 2197 Saphirse
1049 2104 1167 2175 uxori
1193 2106 1377 2176 Ananiae:
1406 2104 1500 2199 quid
1518 2118 1608 2168 Actor.
1622 2115 1648 2167 5.

144 2197 386 2294 conspirdstis
408 2199 507 2270 inter
533 2222 628 2288 vos,
651 2199 914 2269 attentaretis
936 2198 1116 2292 Spiritum
1138 2198 1291 2272 Domini
1314 2196 1332 2266 ἲ

185 2297 249 2367 De
270 2318 342 2385 re,
362 2317 482 2389 1quam
503 2291 642 2364 Paulus
665 2291 788 2386 potuit
805 2317 872 2385 per
888 2289 1094 2364 humanam
1117 2292 1343 2366 industriam
1361 2292 1503 2388 facere,
1521 2316 1611 2368 Actor.
1624 2330 1652 2382 a

137 2389 295 2464 nolebat
310 2389 490 2462 miracuia
510 2399 715 2483 expectare.
744 2384 858 2460 'Unde
880 2389 979 2485 apud
992 2388 1215 2460 Damascum
1238 2412 1324 2460 curn
1350 2387 1505 2460 insidia-

139 2498 281 2558 rentur
295 2485 335 2555 ei
353 2483 496 2576 Judaei,
519 2481 614 2555 secit
637 2509 675 2557 se
689 2508 765 2580 per
785 2508 937 2556 murum
956 2484 998 2555 in
1021 2495 1150 2579 sporta
1177 2481 1326 2555 dimitti.
1444 2495 1449 2506 ’

190 2583 292 2652 .Item
311 2581 612 2654 cum-astrictum
624 2579 724 2653 ‘loris
744 2578 857 2654 vellet
873 2579 1050 2660 tribunus
1071 2603 1158 2651 eum
1179 2577 1301 2652 facere
1320 2581 1506 2676 torqueri,
1524 2615 1614 2668 Actor.
1630 2627 1674 2664 aa.

144 2675 250 2750 dixit
273 2701 311 2748 se
328 2701 405 2750 esse
424 2678 543 2750 civem
567 2677 776 2748 Romanum
795 2701 802 2744 :
821 2700 973 2748 rursum
994 2673 1093 2746 dixit
1105 2699 1144 2746 se
1160 2689 1239 2747 ess'e
1257 2675 1508 2766 Pharisaeum,
1525 2685 1568 2736 ²&
1581 2689 1607 2734 et
1621 2681 1663 2732 ἡ

144 2785 193 2845 ut
214 2784 368 2866 poneret
394 2772 664 2845 dissensionem
683 2773 783 2845 inter
799 2771 948 2846 Judaeos
968 2795 975 2840 :
995 2782 1032 2846 et
1056 2794 1142 2846 cum
1155 2769 1318 2848 haberet
1332 2774 1509 2871 iniquum
1585 2791 1587 2796 ’

140 2867 336 2963 judicem,
363 2867 544 2942 Caesarem
562 2866 774 2963 appellavit.

496 3057 833 3142 TITULUS
891 3053 1167 3144 CLXVII.

465 3221 661 3305 Tantalio
705 3227 886 3306 hominis
912 3246 1012 3334 'per
1051 3225 1203 3311 Deum.

153 3363 357 3492 Tentavit
381 3413 484 3486 Deus
504 3405 716 3503 Abraham,
737 3421 774 3483 et
793 3407 892 3483 dixit
908 3409 955 3482 ad
971 3433 1081 3505 eum,
1096 3408 1185 3482 tolle
1202 3411 1325 3484 filium
1342 3396 1463 3488 tuum.
1530 3440 1598 3493 mn.
1611 3457 1654 3491 ῃ.

225 3513 341 3586 'Dixit
363 3511 548 3584 Dominus
565 3507 611 3580 ad
628 3511 812 3606 Moysen:
839 3507 935 3578 Ecce
962 3531 1030 3602 ego
1059 3505 1184 3602 pluam
1203 3505 1311 3581 vobis
1360 3533 1448 3580 anes
1467 3507 1513 3580 de
1531 3523 1662 3575 mosao.

157 3609 276 3701 coelo,
311 3606 523 3703 egrediatur
547 3602 707 3716 populus
736 3613 775 3673 et
803 3601 950 3698 colligat
968 3614 1038 3769 isto.
1060 3601 1243 3696 'Sequitur
1272 3626 1280 3671 ε
1304 3533 1364 3674 Ut}
1372 3615 1514 3676 tentem

152 3731 283 3872 euadio
303 3715 432 3872 hddtld]
444 3698 1237 3893 anuirpgtcpklsspgypgeacypotppnfiopulus
1253 3792 1427 3868 audiebat
1445 3819 1515 3870 vo-
1531 3811 1616 3868 axos.
1628 3827 1670 3864 aa

152 3921 219 3968 ces
237 3825 497 4005 etiampades,
515 3904 552 3964 et
580 3892 746 3966 sonitum
768 3892 964 3983 buccinae,
982 3901 1224 3986 montemque
1245 3888 1515 3986 fumigantem,

152 4004 198 4064 -et
229 3991 416 4086 pertemti
446 4014 488 4061 ac
524 4013 662 4084 pavore
688 3987 877 4084 percussi,
900 3985 1082 4061 dixerunt
1108 3986 1232 4095 Moysi
1255 4011 1262 4055 :
1286 3987 1452 4082 Loquere
1470 3999 1516 4060 tu

163 4085 367 4174 nobis-ete.
388 4098 425 4158 et
446 4087 498 4157 ait
518 4087 668 4181 Moyses
692 4109 699 4152 ε
731 4081 854 4156 Nolite
881 4084 1038 4172 timere,
1056 4093 1100 4155 ut
1121 4105 1222 4155 enlm
1237 4083 1410 4179 probaret
1428 4108 1514 4174 vos,

159 4181 271 4268 ,venit
296 4179 397 4252 Deus
409 4234 419 4273 ,
432 4191 468 4253 et
488 4191 532 4252 u't
551 4189 672 4252 terror
692 4177 798 4252 'illius
816 4191 912 4251 esset
926 4179 968 4251 in
984 4178 1115 4270 vobis,
1141 4187 1178 4249 et
1203 4203 1281 4251 nou
1302 4179 1513 4274 peccaretis.

186 4282 190 4291 '
211 4273 297 4348 Non
315 4273 453 4349 delevit
468 4273 653 4346 Dominus
667 4275 817 4369 penitus
834 4285 1104 4368 gentesomnes
1121 4272 1166 4344 de
1184 4284 1281 4346 terra
1299 4272 1513 4369 promissioh
1535 4273 1620 4332 tudic.
1635 4293 1660 4330 a

159 4371 241 4464 nis,
258 4383 302 4446 ut
324 4371 365 4445 in
377 4370 467 4467 ipsis
479 4370 716 4468 experiretur
726 4367 994 4463 Istaeuones
1013 4368 1216 4445 custodiret
1229 4371 1310 4468 ejus
1328 4365 1511 4443 mandata

964 4463 1049 4562 Q,
1146 4480 1151 4490 ,
