4310 5472
250 339 518 430 TITULUS
546 339 704 430 XLIV.
743 341 996 446 Discordia,
1028 315 1129 438 dites
1158 369 1202 437 et
1219 356 1336 440 rixae.
1422 357 1472 466 83
1614 471 1620 476 -

516 518 1065 678 strutusxtrv.
1420 579 1422 586 ’
1663 570 1667 578 ’

470 749 724 857 Discordia,
771 763 863 847 lites
904 783 945 847 ct
980 765 1104 852 rs'ccoe.

1160 879 1172 911 ἰ

95 887 292 1022 Primam
318 943 541 1022 discordiam
559 946 659 1022 inter
678 947 851 1026 homines
869 955 990 1030 movit
1008 950 1176 1043 invidia,
1197 952 1297 1030 inter
1314 944 1408 1030 Cnin
1428 964 1466 1030 et
1486 985 1554 1042 au.
1568 986 1632 1058 ig

95 1043 220 1116 Abel:
251 1041 440 1132 Quoniam
464 1067 488 1113 o
513 1065 576 1112 era
603 1041 696 1118 Cain
722 1044 885 1141 maligna
906 1059 1036 1140 erant,
1057 1046 1184 1120 fratris
1204 1059 1331 1122 autem
1351 1046 1464 1144 justa.

148 1137 366 1212 Substantia
385 1137 465 1210 Abr
517 1159 577 1206 am
600 1147 637 1208 et
658 1137 757 1210 Loth
784 1151 863 1216 erat
890 1141 1034 1231 muita,
1066 1153 1103 1212 et
1124 1141 1333 1233 nequibant
1356 1142 1467 1216 habi·
1484 1175 1553 1233 aen.
1571 1179 1613 1231 ,3,

93 1243 178 1304 tare
205 1233 474 1322 communiter,
494 1229 594 1304 unde
616 1242 654 1306 et
676 1230 776 1322 facta
801 1245 858 1306 est
875 1235 963 1308 rixa
983 1234 1084 1307 inter
1113 1243 1280 1328 pastores
1307 1259 1464 1330 gregum

98 1323 296 1398 Abraham
316 1335 354 1402 et
379 1325 488 1400 Loth.
1267 1359 1274 1362 ·
1486 1399 1490 1418 ι

147 1417 247 1508 Quia
307 1420 450 1517 uinque
477 1443 580 1530 reges
612 1421 861 1500 Sodomorum
886 1423 1095 1497 armarant
1122 1419 1320 1494 duodecim
1348 1424 1462 1498 ‘annis
1481 1446 1548 1504 aen.
1568 1449 1609 1517 aa
1712 1419 1717 1428 ’

79 1511 268 1586 chodor]
321 1524 427 1588 amor
455 1541 534 1610 sagr
559 1517 830 1610 Elamitarum,
861 1530 899 1592 et
919 1517 1064 1592 decimo
1089 1516 1201 1589 tertio
1233 1529 1462 1591 recesserant

92 1607 141 1678 ab
156 1633 221 1680 eo:
239 1607 323 1682 ideo
344 1608 488 1686 factum
508 1623 564 1684 est
583 1611 723 1686 bellurn
738 1613 834 1686 illud
857 1611 902 1684 de
921 1623 1085 1709 quatuor
1101 1610 1254 1704 regibus
1272 1609 1460 1686 adversus

91 1704 286 1800 quinque,
306 1705 348 1778 in
372 1730 448 1800 quo
466 1703 542 1778 suit
562 1705 660 1780 Loth
682 1721 836 1805 captus,
861 1707 924 1782 sed
946 1709 1013 1803 pdr
1034 1699 1226 1778 Abraham
1243 1703 1434 1779 liberatus.

141 1797 226 1874 Viri
240 1800 405 1876 civitatis
433 1799 602 1874 Sodomae
623 1801 863 1877 vallaverunt
884 1798 1063 1892 domum,
1086 1801 1128 1872 in
1155 1811 1358 1894 quaerant
1380 1797 1458 1874 duo
1476 1819 1544 1876 oen.
1560 1837 1601 1892 xp

92 1890 226 1986 Angeli
248 1894 291 1964 in
311 1893 482 1968 bumana
500 1896 619 1987 specie
640 1894 841 1991 hospitati,
860 1909 898 1969 et
913 1895 1091 1972 volebant
1112 1892 1196 1966 illos
1219 1917 1262 1966 co
1312 1918 1453 1988 oscere,

90 1986 251 2082 vinique
276 1986 463 2060 faciebant
489 1987 840 2085 vehementissime,
872 2016 916 2062 eo
938 1988 1040 2087 quod
1061 1987 1161 2062 Loth
1186 1987 1260 2062 fide
1275 1990 1347 2064 iter
1365 1987 1454 2064 bos-

93 2082 195 2170 pites
216 2079 449 2155 defendebat.
559 2165 567 2182 .
766 2167 770 2174 ,

142 2171 300 2242 Factum
327 2185 385 2242 est
396 2175 572 2264 ‘jurgium
591 2187 784 2268 pastorum
795 2181 930 2253 Gerare
952 2177 1132 2252 adversus
1150 2175 1448 2271 pastoratum,
1471 2195 1540 2250 om.
1553 2189 1596 2250 aa

89 2276 245 2358 propter
261 2266 534 2358 possessionem
552 2267 685 2338 ovium
700 2277 737 2336 et
754 2283 1027 2354 armentorum,
1046 2281 1083 2352 et
1100 2269 1250 2342 familiae
1267 2271 1450 2363 plurimoe.

138 2357 278 2429 Oderat
297 2381 442 2450 semper
458 2361 561 2428 Esau
584 2359 721 2452 Jacob,
742 2383 812 2454 pro
843 2357 1122 2445 benedictione,
1149 2381 1225 2451 qua
1245 2363 1452 2432 benedixe-
1467 2385 1537 2442 aas.
1552 2401 1594 2461 ²7·

87 2461 148 2522 rat
173 2450 208 2523 ei
227 2459 358 2546 puter,
385 2448 561 2545 dixitque
582 2453 625 2524 in
647 2450 756 2524 corde
777 2479 872 2525 suo:
896 2453 1060 2526 Venient
1081 2449 1161 2526 dies
1186 2451 1312 2526 luctus
1331 2455 1448 2549 patris

86 2546 163 2617 moi
189 2557 226 2618 et
255 2543 422 2620 occidam
452 2544 567 2616 Jacob
594 2543 751 2618 fratrem
771 2550 911 2620 meuin.

135 2639 297 2736 Fugiens
322 2638 436 2712 Jacob
459 2664 545 2712 cum
561 2642 707 2736 jurgio,
731 2637 830 2714 dixit
847 2640 893 2712 ad
909 2639 1063 2712 Laban:
1088 2637 1212 2728 Quam
1227 2639 1279 2710 ob
1298 2639 1447 2749 culpam
1465 2657 1532 2714 aen.
1547 2661 1589 2717 tn

84 2755 207 2808 meam
225 2736 278 2901 iic
301 2735 477 2812 exarsisti
497 2737 539 2808 in
561 2733 658 2822 me?
684 2746 721 2809 et
744 2745 932 2810 scrutatus
956 2757 1162 2808 csomnem
1179 2733 1446 2830 supellectilem

84 2850 208 2903 meam
1557 2883 1558 2888 =

134 2923 335 2999 Occasione
356 2927 464 3000 Dinae
486 2923 573 3000 filiae
596 2924 731 3018 Jacob,
748 2951 862 3023 quarn
877 2923 1026 2998 Sicbem
1048 2923 1150 2996 fitius
1172 2921 1288 3002 ¹Error
1300 2927 1443 3022 rapuit,
1461 2941 1529 2998 aas.
1544 2939 1588 3016 ta

83 3027 123 3088 et
144 3023 344 3113 oppressit,
365 3020 464 3094 facta
489 3033 546 3093 est
563 3018 749 3096 discordia
764 3045 901 3117 magna
921 3022 1022 3095 inter
1037 3019 1135 3094 filios
1158 3019 1289 3115 Jacob,
1317 3033 1354 3095 et
1371 3019 1444 3093 ha»

82 3109 261 3182 bitatores
281 3123 390 3184 terrae
411 3115 524 3188 illius.

133 3207 283 3300 Moyses
316 3205 477 3296 quadam
506 3205 567 3278 die
593 3207 690 3282 vidit
719 3208 814 3282 duos
843 3208 1020 3282 Hebraeos
1045 3209 1239 3300 rixantes,
1264 3208 1347 3282 dixi
1390 3234 1439 3284 ue
1456 3221 1541 3278 moa
1554 3243 1582 3284 s.

80 3296 141 3389 ei,
170 3297 238 3394 qui
258 3294 416 3370 faciebat
436 3299 616 3392 injuriam
639 3327 646 3370 :
668 3303 792 3390 Quare
818 3303 983 3399 percutis
1003 3303 1221 3397 proximum
1242 3313 1354 3396 tuum

134 3391 231 3465 Cum
246 3392 415 3466 exissent
438 3390 509 3462 filii
529 3393 642 3463 Isratl
668 3393 713 3464 de
737 3407 838 3468 terra
855 3397 1022 3492 AEgypti,
1044 3407 1081 3467 et
1099 3395 1321 3466 transissent
1335 3416 1437 3470 mare
1452 3409 1541 3465 risa.
1557 3431 1598 3484 ²7·

84 3484 269 3580 rubrum,
294 3481 472 3558 Amalech
486 3483 593 3558 venit
611 3494 647 3555 et
694 3490 851 3580 ngnavit
870 3500 1010 3560 contra·
1024 3511 1088 3558 cos
1116 3489 1160 3558 in
1177 3484 1388 3579 Raphidim.

134 3579 323 3652 Multoties
350 3577 489 3674 jurgati
518 3587 607 3650 sunt
695 3579 702 3594 ’
734 3579 848 3652 Isratil
868 3591 1001 3653 contra
1028 3583 1185 3673 Moysen
1212 3579 1255 3649 in
1281 3575 1435 3651 deserto
1454 3593 1539 3650 Erat.
1554 3601 1596 3654 xa

85 3671 214 3746 Prima
258 3699 302 3746 ro
326 3671 475 3746 defectu
489 3671 626 3769 poids:
651 3677 778 3768 postea
791 3673 920 3746 habito
942 3697 1020 3746 uno
1035 3672 1118 3743 cibo
1129 3668 1435 3746 desideraverunt

83 3765 212 3843 auum.
272 3767 446 3840 xtoediati
465 3768 566 3840 enim
585 3791 740 3860 manna,
764 3769 953 3865 petierunt
976 3791 1115 3842 carnea
1133 3767 1227 3838 Item
1246 3763 1293 3836 ad
1315 3789 1431 3860 aquas
1451 3779 1530 3836 Num.
1545 3796 1586 3843 n.
1599 3793 1627 3846 a
1649 3832 1652 3840 ,

84 3860 386 3936 contradictionis
397 3875 657 3938 convenerunt
668 3861 846 3938 advorsus
859 3869 1017 3961 Moysen
1034 3872 1072 3936 et
1082 3859 1431 3958 Aaronfiiiilsra‘e'i,
1482 3851 1524 3920 ²4·

83 3956 152 4029 ubi
171 3959 308 4054 jurgati
338 3971 428 4032 sunt
449 3968 580 4030 contra
599 3957 802 4030 Dominum
826 3971 862 4032 et
885 3963 1053 4056 Moysen.

131 4051 235 4124 Inter
255 4051 468 4126 Abimelech
486 4051 607 4124 filium
626 4050 809 4126 Gedeonis
827 4055 977 4129 etviros
997 4049 1163 4145 Sicbcm,
1180 4051 1248 4148 qui
1262 4048 1427 4124 malefe-
1443 4073 1530 4128 tuuc.
1547 4093 1574 4148 9·

80 4157 210 4218 cerunt
225 4171 311 4220 anm
322 4148 548 4243 principem,
570 4145 645 4221 fuit
664 4172 797 4244 magna
814 4146 997 4222 discordia
1011 4147 1187 4222 suscitata
1206 4171 1214 4217 :
1236 4148 1306 4237 ita,
1322 4145 1424 4241 quod

80 4236 139 4316 illi
156 4253 350 4340 coepenmt
365 4267 452 4319 eum
463 4240 656 4338 detestari,
673 4255 709 4319 et
719 4241 895 4324 rebellare
905 4245 958 4408 ἱί,
970 4257 1006 4318 et
1017 4243 1095 4343 ipse
1106 4267 1168 4318 eos
1180 4241 1422 4341 expugnans

954 4357 975 4410 a
