4502 5484
396 446 662 539 TITULUS
691 445 802 537 Vm.
837 447 1005 538 Altaria
1034 471 1188 542 erecta.
1432 487 1477 543 11

139 591 248 618 μ

180 675 349 748 Salvator
370 683 498 746 noster
523 670 730 766 approbans
751 665 853 746 Petri
899 671 1139 748 rofessionem
1152 730 1163 768 ,
1177 699 1293 770 quam
1316 673 1406 748 fecit
1434 671 1481 745 de
1500 699 1596 754 natu.
1613 703 1653 756 „a

130 772 227 870 ipso,
252 794 339 842 cum
368 767 488 842 dixit:
512 761 572 840 Tu
598 791 637 840 es
658 765 830 841 Christus
884 768 958 844 lius
986 771 1056 844 Dei
1082 771 1182 863 vivi,
1209 779 1481 867 consequenter

130 866 331 961 subjunxit
348 887 356 934 :
374 863 468 938 Caro
489 873 528 936 et
546 863 696 956 sangms
718 887 795 936 non
810 863 992 940 revelavit
1011 867 1091 940 tibi.
1113 868 1185 941 Per
1204 867 1277 940 hoc
1299 867 1479 957 innuens,

128 961 232 1056 quod
257 984 342 1032 caro
368 982 502 1055 pravas
524 957 769 1032 revelationes
791 957 911 1032 facere
937 965 1143 1037 consuevit.

177 1053 376 1149 Apostolus
391 1054 546 1144 Paulus,
563 1052 825 1148 commendans
842 1079 954 1128 suum
968 1057 1230 1152 Evangelium,
1250 1056 1353 1129 dicit:
1374 1051 1481 1126 Com·
1499 1083 1586 1138 nnn.
1607 1097 1631 1134 a

129 1146 269 1243 placuit
294 1151 344 1239 ei,
368 1150 434 1242 qui
456 1172 516 1219 me
540 1149 744 1237 segregavit
772 1175 823 1223 ex
851 1161 960 1223 utero
987 1153 1117 1223 matris
1139 1175 1247 1241 meaa,
1272 1163 1309 1221 et
1329 1149 1482 1222 vocavit

129 1243 372 1338 pergratiam
395 1264 502 1314 suam
525 1249 594 1310 etc.
621 1237 809 1314 Continuo
831 1263 911 1314 non
940 1247 1098 1334 acqnevi
1119 1245 1224 1317 carni
1245 1255 1282 1316 et
1298 1242 1478 1337 sanguini.

790 1412 824 1481 tt

569 1527 874 1638 mannus
912 1546 1063 1656 vm„

626 1764 796 1848 Altaria
834 1781 980 1890 erecta.

126 1911 372 2045 AEdificavit
394 1967 471 2044 Noa
494 1969 610 2043 altare
632 1972 811 2066 Domino,
824 1987 861 2048 et
886 1973 1021 2051 tollens
1044 1973 1091 2047 de
1117 1974 1263 2048 cunctis
1286 1973 1482 2070 pecoribus
1500 1955 1567 2067 ὦ,
1586 1951 1622 2064 μ’
1635 2025 1676 2064 aa

125 2064 305 2157 mundis,·
331 2076 369 2136 et
391 2065 636 2158 volonibus,
663 2069 802 2144 obtulit
830 2067 1120 2150 holocaustum:
1146 2068 1401 2166 odoratusque
1427 2084 1482 2144 est

124 2153 311 2228 Dominus
334 2157 484 2230 odorem
510 2162 717 2235 suavitatis.

177 2249 360 2347 Apparuit
393 2249 577 2318 Dominus
612 2253 802 2328 Abraham
823 2257 866 2328 in
893 2269 994 2330 terra
1023 2255 1219 2350 Chartam,

844 2341 850 2352 Ι
938 2349 944 2357 ¹
1245 2272 1283 2332 et
1304 2259 1404 2332 dixit
1426 2263 1479 2334 ei:
1501 2302 1569 2356 oen.
1589 2313 1629 2352 η,
1653 2311 1678 2365 ⁷·

126 2338 269 2408 Semrnr
289 2345 356 2402 tuo
378 2329 473 2400 dabo
493 2341 630 2402 terram
650 2336 759 2406 lianc.
779 2341 856 2424 Qm
874 2345 1077 2412 aedificavit
1094 2352 1148 2416 ibi
1168 2353 1284 2424 altare
1305 2355 1482 2449 Domino,

124 2428 193 2526 qni
218 2434 438 2520 apparuerat
460 2421 504 2491 ei.

174 2519 357 2616 Apparuit
374 2515 559 2590 Dominus
577 2515 619 2588 in
634 2515 816 2588 Bersabee
836 2519 953 2610 Isaac,
971 2518 1098 2590 dicens
1111 2526 1210 2592 :noli
1226 2530 1374 2615 timere,
1394 2529 1484 2620 quia
1502 2563 1569 2614 (κῃ,
1580 2561 1622 2614 ,a
1636 2561 1678 2627 24„

124 2642 194 2714 ego
219 2626 345 2686 tecum
374 2637 468 2686 sum.
498 2611 629 2706 Itaque
660 2609 860 2687 aedificavit
886 2613 1000 2686 altare
1030 2615 1209 2709 Domino,
1242 2619 1279 2689 et
1302 2619 1494 2692 invocato

124 2709 279 2788 nomine
304 2707 457 2782 Domini
478 2707 600 2778 erexit
628 2706 922 2781 tabernaculum.

174 2809 339 2878 Locutus
362 2815 417 2876 est
435 2803 537 2874 Deus
555 2800 601 2872 ad
620 2800 734 2872 Jacob
747 2827 754 2871 :
768 2803 883 2898 Surge
900 2813 939 2882 et
961 2804 1116 2876 ascende
1132 2804 1278 2897 Bethel,
1297 2819 1334 2882 et
1350 2807 1480 2882 habita
1498 2833 1677 2906 (sansana

124 2903 194 2996 ibi,
213 2897 252 2972 fa
300 2925 348 2972 ue
369 2897 483 2972 altare
500 2895 579 2969 Deo
601 2909 669 2970 etc.
691 2895 977 2995 AEdificavitque
1000 2899 1055 2973 ibi
1073 2899 1205 2995 altare,
1224 2915 1262 2977 et
1276 2902 1481 2999 appellavit
1498 2923 1501 2928 ·

124 3021 264 3073 nomen
305 2995 362 3068 oei
389 2993 508 3066 illius:
531 2993 675 3066 Domus
700 2993 779 3066 Dei.
1460 3003 1464 3010 '
1492 3065 1494 3072 s

173 3097 324 3186 Moyses
346 3087 545 3162 aedificavit
563 3087 678 3160 altare
696 3085 741 3158 ad
763 3087 905 3162 radices
922 3091 1080 3182 moritis,
1097 3091 1140 3164 in
1153 3117 1270 3188 vquern
1287 3095 1414 3190 jussus
1425 3100 1481 3166 est
1498 3122 1582 3175 rxoa.
1595 3123 1638 3190 24,
1650 3125 1675 3190 4.

124 3212 150 3258 a
169 3185 249 3256 Deo
272 3183 482 3275 ascendere,
504 3182 714 3278 obtulitque
741 3207 853 3278 super
872 3185 967 3258 illud
988 3183 1214 3260 holocausta.

177 3278 305 3366 Josue‚
329 3289 375 3348 ut
403 3301 440 3346 se
466 3289 613 3368 gratum
640 3279 801 3350 Domino
828 3279 974 3353 sisteret
1002 3301 1071 3375 pro
1103 3282 1266 3356 obtentis
1294 3283 1480 3373 victoriis,
1496 3313 1642 3366 rosseo.

128 3370 336 3480 aedificavit
360 3367 474 3438 altare
500 3370 664 3444 Domino
694 3372 741 3446 de
766 3371 952 3470 lapidibus
977 3376 1184 3473 impolitis,
1214 3402 1308 3473 quos
1337 3377 1481 3449 ferrum

126 3493 207 3543 non
235 3477 304 3539 teti
341 3476 366 3536 t.
1039 3491 1042 3500 ’
1625 3513 1627 3520 -

178 3491 340 3632 Gedoorgrl
351 3557 392 3632 in
404 3555 552 3646 loomin
564 3579 641 3650 quo
655 3558 688 3628 ei
699 3564 870 3653 apparuit
887 3562 1069 3656 Angelus,
1087 3576 1124 3638 et
1142 3545 1270 3638 carnes
1291 3588 1480 3654 panesque
1497 3579 1583 3634 audie.
1594 3582 1620 3634 o.
1633 3585 1675 3650 aa.

128 3653 257 3753 azymi
284 3653 331 3725 ab
366 3653 451 3748 igne
473 3675 522 3722 ex
556 3661 662 3745 petra
683 3651 896 3746 prosiliente
922 3657 1134 3746 consumpti
1157 3665 1262 3744 sunt,
1283 3651 1481 3727 aedificavit

127 3751 246 3824 altare
272 3749 434 3822 Domino
458 3745 683 3839 vocavitque
709 3744 823 3818 illud:
848 3747 1002 3820 Domini
1025 3771 1112 3841 pax.

179 3842 285 3934 Saul,
303 3856 347 3916 ut
373 3841 534 3938 placaret
553 3841 757 3913 Dominum
772 3843 939 3935 peccanti
960 3839 1112 3937 populo,
1131 3840 1328 3918 aedificavit
1355 3843 1478 3918 altare.
1500 3859 1674 3928 cesenas.

179 3937 321 4028 David,
343 3951 387 4011 ut
409 3934 596 4031 flagellum
612 3935 832 4044 pestilentiae
854 3962 875 4008 a
900 3939 1036 4035 populo
1054 3961 1129 4008 suo
1159 3951 1362 4030 averteret,
1387 3938 1479 4012 aedi·
1497 3963 1674 4032 aaegnans.

129 4033 260 4108 ficavit
287 4033 416 4123 altaro,
444 4045 481 4104 et
503 4029 639 4103 obtulit
664 4029 898 4126 holocausta3
926 4043 962 4104 et
985 4030 1204 4128 propitiatus
1221 4045 1278 4106 est
1295 4034 1479 4108 Dominus

130 4141 255 4216 tome,
286 4141 323 4201 et
344 4125 507 4202 cohibita
536 4136 592 4198 est
617 4125 723 4221 plaga
748 4126 795 4198 ab
818 4127 939 4200 lsra'il.

181 4219 354 4298 Salomon
374 4225 416 4298 in
438 4245 507 4298 suo
528 4221 666 4322 templo
692 4218 781 4296 fecit
807 4221 920 4299 altare
944 4246 1090 4386 aenesssm
1108 4224 1244 4321 viginti
1267 4226 1478 4302 cubitorum
1498 4249 1591 4304 arn.
1605 4251 1631 4318 4.
1649 4263 1672 4302 ι.

1033 4353 1036 4358 ·
1103 4338 1122 4386 a
