4310 5472
709 353 784 408 102
914 435 919 442 Ι
1041 313 1308 406 TITULUS'
1344 250 1439 400 LVi
1477 305 1716 398 Fortitudo.

708 537 911 634 cogitantes
928 533 1051 632 ,quod
1078 525 1264 610 cessarent
1290 536 1337 609 ab
1359 536 1490 629 opere.¹
1506 528 1576 602 Sed
1601 525 1703 614 dixit
1724 521 2070 615 Neemtaeruam

710 637 758 707 ob
780 657 930 708 causam
956 630 1166 706 confortavi
1187 657 1322 705 manus
1348 625 1488 702 meas?

513 748 618 809 suun.
639 745 665 814 t.
761 728 964 802 Audientes
984 725 1055 801 filii
1085 729 1199 802 Israiil
1220 729 1423 825 potentiam
1446 719 1672 816 Holofernis,
1695 729 2008 832 praeparaverunt
2032 742 2074 792 se
2123 775 2124 778 ,

714 825 911 920 diligenter
931 824 978 897 ad
1004 824 1255 899 resistendum
1283 831 1582 921 praeoccupantes
1611 829 1771 894 vertices
1797 827 2006 907 montrum,
2031 827 2072 929 et
2117 811 2124 886 l

715 923 834 996 muris
861 921 1133 994 circumdantes
1163 921 1268 998 vicos
1307 945 1416 1012 suos,
1451 923 1770 1012 congregaverunt
1802 909 2000 986 frumenta
2029 936 2075 986 m

716 1019 1021 1116 praeparationem
1047 1041 1192 1112 pugnae.

513 1102 624 1180 iudith·
639 1137 675 1175 u.
766 1116 899 1187 Mirum
925 1113 1182 1186 strenuitatem
1204 1111 1339 1187 habuit
1364 1108 1513 1204 Judith,
1536 1105 1660 1182 eundo
1683 1103 1731 1178 ad
1750 1099 2013 1200 Holofernem,
2035 1115 2070 1178 et

718 1207 918 1282 occidendo
940 1233 1026 1280 eum
1053 1209 1095 1280 in
1119 1209 1281 1282 tentorio
1307 1235 1386 1283 suo.

521 1328 591 1378 nan.
613 1323 638 1375 3.
767 1305 864 1380 Socii
881 1301 1044 1376 Danielis
1065 1304 1246 1379 dixerunt
1266 1299 1609 1378 Nabuchodonosor
1627 1297 1706 1394 regi
1721 1291 1953 1408 Babylonis}
1969 1296 2069 1369 Deus

720 1411 849 1474 noster
870 1412 991 1495 potest
1013 1425 1082 1476 nos
1101 1401 1241 1496 eripere
1262 1399 1309 1472 de
1328 1400 1474 1486 carriino
1496 1397 1615 1492 ignis,
1634 1393 1734 1562 ‹prod
1754 1418 1790 1492 pr
1810 1391 1989 1484 noluerit,
2008 1417 2069 1464 no·

722 1507 806 1567 tum
833 1495 881 1566 sit
902 1495 989 1586 nbi,
1019 1495 1144 1568 dreit!
1167 1496 1267 1591 quod
1290 1495 1377 1569 deos
1401 1507 1486 1567 tuos
1505 1519 1582 1567 non
1605 1515 1649 1564 co
1663 1515 1774 1563 rmus.

527 1605 598 1655 nan.
616 1598 642 1649 6·
772 1588 905 1661 Daniel
926 1615 1004 1662 non
1024 1591 1169 1684 omisit,
1191 1603 1342 1689 propter
1363 1590 1528 1664 edictum
1550 1589 1661 1686 regis,
1688 1587 1783 1682 quin
1805 1593 1926 1656 oraret
1947 1582 2065 1654 Deum

724 1709 844 1756 suum.
1153 1704 1159 1714 '

535 1819 559 1854 ι.
571 1793 659 1848 uach·
681 1807 706 1841 a·
776 1783 909 1852 Miram
922 1779 1183 1854 'fortitudinem
1201 1779 1419 1854 habuerunt
1436 1779 1662 1854 Mathathias
1677 1789 1714 1850 et
1728 1773 1798 1848 filii
1813 1776 1896 1871 ejus
1902 1829 1912 1865 ,
1923 1773 2067 1869 quisita

726 1877 945 1951 restiterunt
973 1876 1159 1949 Antiocho
1185 1879 1279 1989 regi,
1300 1890 1337 1951 et
1357 1877 1637 1972 praevalucrunt
1664 1874 1773 1946 toties
1799 1883 1929 1944 contra
1953 1897 2050 1982 eum:

502 1968 507 1982 '
536 1997 562 2034 ι·
580 1973 668 2031 mas.
684 1971 710 2026 ⁵·
778 1971 1015 2046 Confidenter
1041 1983 1078 2044 ct
1100 1974 1355 2048 strenurssime
1374 1972 1490 2056 ludas
1506 1971 1745 2046 Machabaeua
1765 1963 1907 2039 flumen
1926 1977 2065 2052 transtu

729 2066 776 2140 ad
795 2080 916 2142 castra
944 2060 1129 2161 hoitium,
1156 2073 1223 2168 qui
1245 2080 1351 2144 erant
1373 2068 1472 2142 ultra
1493 2069 1617 2163 ipsum
1642 2065 1795 2138 flumen.

540 2197 563 2232 ι.
578 2174 667 2230 snch.
684 2173 710 2226 6.
779 2165 953 2258 Eleazar,
969 2165 1070 2238 filius
1090 2167 1223 2258 Saura,
1239 2164 1405 2239 cucurrit
1424 2161 1600 2237 audacter
1621 2161 1669 2234 ad
1691 2158 1947 2270 elephantem,
1961 2173 1996 2232 et
2010 2185 2071 2232 sn·

721 2263 922 2358 ¹perposuit
938 2289 976 2334 se
993 2263 1045 2354 ei,
1056 2273 1097 2430 Ep
1114 2262 1249 2338 occidit
1269 2285 1372 2356 curn,
1388 2273 1424 2335 et
1440 2257 1572 2334 cecidit
1590 2259 1631 2334 in
1652 2271 1790 2333 terram
1814 2281 1920 2354 super
1932 2279 2065 2348 ipsum,

730 2369 767 2431 et
788 2371 960 2434 mortuus
982 2369 1038 2432 est
1060 2358 1066 2374 '
1098 2359 1142 2430 ic.

536 2487 562 2524 a.
579 2463 666 2522 ureb.
684 2463 712 2515 6.
779 2453 980 2528 Eleazarus
998 2455 1098 2524 dixit
1114 2453 1319 2525 tortoribus
1336 2451 1414 2521 auis
1430 2473 1437 2517 :
1452 2447 1613 2524 Fortiter
1626 2450 1744 2527 vitam
1756 2442 1976 2534 excedendo,
1992 2445 2064 2538 dig·

732 2572 807 2621 nus
823 2548 1025 2641 apparebo:
1045 2543 1351 2617 Adolescentibus
1368 2556 1493 2618 autem
1520 2548 1712 2643 exemplar
1738 2544 1834 2620 forte
1855 2543 2068 2637 relinquam,

735 2643 767 2711 si
782 2663 886 2732 prom
914 2652 953 2711 to
971 2639 1097 2711 animo
1118 2663 1160 2709 ac
1175 2637 1339 2735 fortiter,
1364 2667 1433 2739 pro
1451 2641 1681 2739 gravissimis
1696 2667 1740 2715 ac
1761 2641 2000 2717 sanctissimis
2027 2640 2067 2713 le·

736 2734 861 2830 gibus,
883 2666 1043 2807 lionestri
1063 2745 1181 2806 morte
1204 2735 1416 2834 perfungar.

542 2836 568 2905 ιζ
582 2847 719 2905 nunu.
786 2825 1038 2918 Machabaeus,
1051 2840 1088 2900 et
1103 2829 1266 2923 quicum
1290 2857 1334 2904 eo
1350 2831 1590 2924 erant,ibant
1599 2837 1763 2933 prompti
1782 2834 1828 2908 ad
1843 2833 1986 2910 bellurn
2000 2859 2067 2906 con·

576 2938 580 2952 ·
737 2935 796 2994 tra
812 2923 989 3019 Lysiam,
1004 2923 1050 2995 de
1070 2925 1163 2997 coelo
1186 2925 1366 3002 habentes
1385 2927 1603 3024 adjutorem.
1630 2933 1799 3007 Leonum
1823 2945 1953 3006 autern
1970 2956 2058 3021 more,

738 3017 789 3089 im
818 3029 883 3089 etu
901 3017 1087 3091 irruentes
1108 3018 1149 3092 in
1179 3020 1323 3118 hostes,
1339 3036 1623 3122 prostraverunt
1639 3053 1692 3099 ex
1708 3030 1761 3101 eis
1777 3028 1954 3102 undecim
1972 3026 2065 3100 millia

739 3043 924 3208 peditum,
944 3126 981 3187 et
993 3115 1162 3212 equitum
1180 3119 1282 3192 mille
1302 3133 1508 3196 sexcentos.
1531 3121 1738 3200 Universos
1761 3135 1888 3198 autem
1905 3127 1948 3198 in
1960 3123 2071 3220 fugant

738 3219 944 3283 verterunt.

546 3315 636 3370 Actor.
656 3308 682 3378 i·
790 3304 939 3397 Virtute
965 3333 1100 3404 magna
1117 3307 1320 3384 reddebant
1342 3313 1508 3409 Apostoli
1529 3313 1785 3388 testimonium
1806 3315 2073 3392 resurrectionis

742 3399 832 3472 lesu
860 3401 1024 3497 Christi,
1043 3417 1080 3477 et
1108 3405 1225 3500 gratia
1246 3433 1379 3504 magna
1404 3409 1547 3482 eratin
1573 3412 1748 3483 omnibus
1773 3411 1859 3486 illis.

547 3525 638 3576 Actor.
662 3519 688 3570 6.
786 3497 997 3602 Stephanus
1026 3499 1159 3613 plenus
1189 3504 1306 3596 gratia
1338 3516 1375 3577 et
1402 3504 1641 3598 fortitudine,
1672 3507 1828 3580 faciebat
1857 3508 2025 3606 prodigia
2052 3521 2077 3616 at

742 3593 848 3694 signa
869 3621 1003 3692 magna
1023 3623 1063 3670 m
1116 3597 1238 3694 opulo.
1261 3603 1354 3696 Ejus
1372 3613 1497 3674 autem
1513 3597 1695 3675 fortitudo
1715 3604 1901 3700 praecipue
1920 3617 2077 3702 apparrnt

744 3688 783 3758 in
813 3717 876 3780 e0,
907 3693 1006 3786 quod
1037 3695 1059 3764 J
1063 3625 1177 3766 udaeis
1205 3697 1503 3768 constantissime
1530 3697 1685 3793 restitit,
1714 3709 1751 3771 et
1781 3697 1902 3774 diram
1933 3715 2083 3776 mortem

742 3787 1010 3878 patientissime
1031 3785 1212 3872 toleravit.

553 3897 647 3949 cicero
669 3912 694 3948 2.
795 3879 990 3977 Fortitudo
1016 3896 1072 3956 est
1094 3885 1324 3964 considerata
1348 3886 1599 3982 periculorum
1626 3915 1731 3964 susce
1757 3893 1827 3986 tio,
1857 3904 1895 3966 et
1921 3894 2087 3969 laborum

554 3963 663 4014 mm·
748 3977 942 4070 perpessio.
969 3981 1039 4052 Sed
1067 3979 1108 4049 in
1137 3978 1206 4052 hoc
1236 3995 1381 4055 constat
1404 3981 1563 4055 Paulum
1593 3917 1811 4080 Apostoium
1843 3987 2087 4064 fortissimum

751 4069 907 4144 militem
932 4073 1073 4147 Christi
1098 4071 1235 4167 fuisse,
1262 4079 1328 4172 qui
1349 4089 1406 4151 tot
1436 4092 1472 4151 et
1503 4090 1608 4150 tanta
1638 4085 1802 4176 pericula
1834 4109 1905 4181 pro
1945 4087 2085 4162 Christo

754 4168 947 4261 sustinuit,
960 4181 997 4242 et
1009 4180 1064 4242 tot
1084 4180 1121 4240 et
1138 4169 1230 4241 tales
1241 4171 1383 4247 labores
1396 4176 1688 4270 suscepit.·Sicut
1705 4191 1805 4274 patet
1825 4181 1872 4270 ab
1884 4183 2090 4256 ‘undecimo

481 4287 484 4294 ·
556 4271 701 4328 lernau.
752 4263 930 4336 Actorum
947 4291 1067 4364 usque
1094 4261 1141 4336 ad
1162 4263 1383 4366 finen1:ipse
1402 4271 1513 4346 etiam
1531 4269 1600 4345 hos
1619 4287 1812 4351 enumerat
1829 4301 1862 4350 π.
1881 4275 1930 4350 ad
1943 4279 2097 4354 Conrr.
