4502 5484
845 414 897 500 pn
951 375 1217 468 TITULUS
1240 363 1461 458 XXXVll.
1493 360 1646 450 Cultus
1680 374 1723 440 et
1747 351 1952 440 Adoratio
1976 349 2077 440 Dei.

651 616 735 672 mod.
754 629 796 666 ιο.
892 599 1062 687 Primum
1088 605 1312 704 praeceptum
1345 582 1508 686 decalogi
1526 590 1582 652 est
1604 601 1617 687 τ.
1639 549 1723 647 Non
1743 568 1897 644 habebis
1915 571 2012 640 Deos
2029 569 2175 682 alienos,
2201 581 2202 672 l

845 719 923 770 non
949 691 1060 764 facies
1076 689 1146 762 nbi
1168 683 1357 780 sculptile,
1372 704 1449 752 non
1471 673 1638 750 adorabis
1658 693 1723 759 ea,
1748 691 1871 763 neque
1886 663 1993 737 coles.
2016 665 2071 736 Et
2087 664 2173 758 abbr,
2201 685 2202 750 t

845 789 1048 862 Dominum
1070 786 1191 856 Deum
1213 777 1403 867 adorabis,
1426 784 1463 844 et
1487 771 1543 844 illi
1569 766 1638 840 soli
1656 765 1805 840 servies.

650 915 731 964 nme.
751 911 778 962 a
895 881 1056 976 Angelus
1079 875 1230 950 Domini
1248 872 1347 946 dixit
1367 869 1414 940 ad
1430 871 1586 952 Manae,
1608 862 1756 932 Patrem
1774 855 1960 928 Samsonis
1973 880 1980 923 z
1995 837 2044 926 si
2057 854 2174 928 risbe

652 979 740 1029 Mic·
761 976 801 1027 ¹³·
846 979 1056 1050 locaustum
1077 973 1223 1058 facere,
1244 967 1334 1041 offer
1357 962 1451 1038 illud
1469 959 1638 1033 Domino.

656 1105 680 1141 ι.
703 1089 764 1154 neg.
784 1099 807 1136 r·
895 1069 1054 1160 Elcana,
1075 1078 1178 1164 pater
1197 1061 1394 1147 Samuelis,
1411 1053 1629 1128 ascendebat
1640 1049 1685 1120 de
1703 1046 1853 1120 civitate
1867 1067 1934 1118 sua
1953 1046 2106 1118 statutis
2118 1043 2172 1118 die·

757 1177 760 1187 '
844 1145 939 1256 bus,
960 1175 1004 1236 ut
1027 1163 1196 1235 adoraret
1222 1170 1259 1230 et
1278 1153 1500 1228 sacrificaret
1513 1145 1674 1219 Domino
1690 1143 1768 1214 Deo
1785 1139 2021 1212 exercituum
2045 1141 2091 1212 in
2111 1139 2172 1210 Silo.

655 1281 678 1316 ¹·
697 1265 758 1329 ¹¹⁰8·
773 1275 798 1310 ²·
894 1261 984 1334 Erat
1015 1269 1207 1354 peccatum
1240 1251 1404 1324 filiorum
1432 1245 1515 1318 Heli
1548 1238 1685 1338 grande
1712 1235 1825 1310 nimis
1858 1257 1982 1306 coram
2011 1233 2168 1322 Domino,

848 1353 948 1452 quod
970 1351 1211 1426 retrahebant
1231 1344 1403 1418 homines
1433 1367 1456 1412 a
1476 1335 1663 1411 sacrificiis
1682 1330 1843 1404 Domini.

656 1484 679 1522 ι.
694 1468 757 1534 aar·
781 1482 804 1533 7·
899 1443 1164 1520 eun1simue1
1193 1441 1339 1516 offerret
1366 1433 1527 1508 Domino
1557 1429 1816 1503 holocaustum
1836 1447 1904 1520 pro
1925 1422 2085 1516 populo,
2108 1421 2169 1494 Phi·

849 1542 980 1614 listiim
1008 1541 1175 1612 inierunt
1194 1533 1363 1630 pralium
1385 1542 1514 1601 contra
1531 1521 1839 1597 lamentaronsi
1858 1529 1984 1590 autem
2012 1517 2170 1590 Dominus

850 1637 994 1804 iirssgoie
1017 1655 1152 1728 magno
1169 1653 1280 1723 super
1293 1624 1515 1698 Philistiim:
1537 1615 1775 1710 etextenuit
1797 1638 1880 1706 eos,
1902 1622 1941 1684 et
1960 1613 2051 1684 aest
2076 1625 2172 1686 sunta

896 1731 939 1800 ”s
980 1729 1085 1802 srael.
1931 1707 1939 1720 “

662 1853 686 1890 ¹·
701 1831 836 1888 Paul-¹⁵·
900 1825 982 1896 Rex
1000 1821 1122 1896 David
1142 1816 1296 1892 sollicite
1324 1813 1394 1885 Dei
1414 1809 1558 1885 cultum
1579 1808 1621 1881 in
1645 1803 1860 1878 cantoribus
1881 1812 1922 1875 et
1947 1801 2173 1874 sanenlotibas

693 1901 823 1970 ”³⁶¹⁰”5‘
854 1917 1000 1992 studuit
1026 1915 1210 2012 ampliare.

659 2053 684 2088 t.
706 2037 769 2102 aeg.
794 2033 819 2084 ³.
900 2013 1004 2086 Abiit
1023 2011 1215 2100 Salomon,
1236 2018 1280 2078 ut
1296 2000 1509 2078 immolaret·
1521 1997 1682 2071 Domino
1698 1993 1740 2064 in
1755 1993 1923 2081 Gabaon,
1938 1986 2176 2060 millebostjas

854 2111 895 2184 in
915 2107 1175 2180 holocaustum
1197 2099 1359 2192 obtulit,
1384 2123 1430 2192 ap
1456 2097 1628 2202 eruitque
1654 2090 1689 2162 ei
1710 2087 1891 2159 Dominus
1908 2108 1965 2179 per
1986 2081 2177 2152 somnium.

663 2211 688 2261 ³·
707 2211 770 2277 neg.
786 2209 811 2260 ⁸·
903 2202 1093 2288 Salomon,
1114 2197 1294 2270 aedilicato
1321 2123 1476 2286 tempii,
1498 2198 1601 2260 stent
1622 2196 1708 2256 ante
1730 2181 1844 2254 altare
1863 2177 2029 2268 Domini,
2045 2176 2089 2246 in
2104 2199 2177 2246 ocn-

855 2311 982 2396 spectu
997 2295 1169 2370 Ecclesia
1188 2289 1323 2378 Israel,
1345 2281 1562 2380 expandens
1579 2303 1713 2352 manus
1726 2301 1811 2348 suas
1826 2275 1868 2346 in
1882 2271 2033 2364 coelum,
2048 2283 2175 2343 atnam·

854 2421 928 2492 que
950 2418 1048 2488 genu
1072 2393 1115 2463 in
1138 2398 1276 2460 terram
1301 2381 1390 2453 fixit
1413 2391 1453 2464 ¹et
1479 2376 1611 2448 oravit.
1832 2447 1837 2450 ,

662 2510 688 2544 2·
711 2493 772 2542 Μ·
793 2508 819 2556 s·
904 2485 1057 2555 Reversi
1077 2481 1148 2550 filii
1168 2476 1282 2546 Israel
1303 2473 1348 2542 de
1368 2469 1582 2562 captivitate
1603 2460 1829 2563 Babylonis,
1846 2464 2012 2558 legerunt
2032 2460 2074 2534 in
2089 2457 2173 2534 vola-

752 2637 755 2644 ,
858 2577 959 2648 mine
975 2573 1066 2662 legis
1079 2571 1154 2641 Dei
1170 2569 1250 2655 sui,
1269 2575 1401 2660 quater
1420 2563 1462 2634 in
1483 2560 1542 2634 die
1565 2573 1601 2634 et
1628 2572 1759 2656 quater
1775 2561 1817 2633 in
1838 2571 1961 2652 nocte,
1981 2569 2019 2631 et
2046 2555 2173 2628 confite

858 2669 997 2740 bantur
1021 2663 1224 2737 Dominam
1245 2662 1364 2732 Deum
1387 2682 1509 2730 sarum.

664 2771 731 2822 Τὼ·
755 2785 778 2820 ¹·
909 2759 1005 2831 Cum
1027 2760 1124 2830 irent
1147 2779 1274 2828 omnes
1300 2753 1370 2826 filii
1390 2751 1503 2823 Israel
1524 2750 1571 2822 ad
1589 2747 1728 2824 vitulos
1749 2773 1900 2840 aureos,
1927 2748 2066 2820 Tobias
2085 2743 2177 2838 lugie-

860 2858 925 2926 bat
951 2855 1136 2923 consortia
1157 2873 1308 2938 eorum,
1327 2845 1499 2943 pergebat
1516 2847 1557 2918 in
1585 2842 1789 2916 Jerusalem
1813 2841 1860 2914 ad
1880 2841 2062 2938 templum
2079 2837 2177 2914 Domi·

862 2950 921 3038 ni,
942 2960 979 3018 et
997 2947 1051 3018 ibi
1076 2943 1250 3018 adorabat
1275 2943 1477 3014 Dominum
1504 2941 1634 3012 Deum.
1745 3011 1748 3018 ,

668 3058 729 3110 101³·
756 3073 777 3107 ι·
912 3040 1006 3113 Cum
1029 3038 1192 3112 audisset
1213 3038 1283 3110 Job
1301 3036 1527 3110 nunciorum
1545 3035 1676 3124 verba,
1697 3033 1899 3106 dicentium
1931 3032 2003 3104 sibi
2027 3027 2181 3128 perditio

862 3161 949 3210 nem
971 3159 1098 3208 rerum
1113 3193 1116 3198 .
1132 3159 1299 3224 suarum,
1324 3131 1507 3222 surrexit,
1541 3143 1578 3202 et
1607 3153 1782 3200 corruens
1808 3129 2009 3201 interram
2036 3122 2178 3198 adorant

862 3245 899 3304 et
920 3230 1044 3304 dixit:
1073 3227 1205 3302 Nudus
1235 3251 1401 3322 egressus
1429 3249 1513 3296 sum
1538 3223 1733 3315 deutero,
1762 3234 1829 3294 etc.

666 3355 734 3405 nan.
753 3351 780 3402 6.
911 3324 1092 3416 Quamvis
1109 3330 1204 3399 esset
1222 3320 1475 3416 prohibitum,
1486 3319 1586 3484 pund
1598 3316 1725 3390 nullus
1747 3315 1887 3426 aliquid
1909 3329 2053 3412 peteret
2071 3317 2113 3388 ab
2136 3311 2182 3382 ali·

860 3447 938 3518 quo
952 3422 1044 3515 Dec,
1059 3419 1121 3494 vel
1136 3417 1304 3506 homine,
1321 3439 1441 3509 usque
1463 3438 1484 3484 a
1525 3415 1676 3510 triginta
1690 3409 1785 3502 dies,
1805 3412 1878 3484 nisi
1897 3436 1919 3482 a
1937 3411 2018 3485 solo
2036 3410 2183 3508 regeDa·

860 3519 938 3590 n'o:
955 3527 1081 3589 tamen
1091 3510 1223 3588 Daniel
1239 3512 1361 3584 tribus
1380 3509 1606 3605 temporibus
1620 3507 1662 3578 in
1679 3505 1739 3588 die
1754 3507 1922 3578 flectebat
1940 3530 2068 3600 genua
2088 3529 2146 3579 sna
2160 3503 2184 3570 'n
2201 3509 2202 3572 l

861 3611 1052 3684 coenaculo
1065 3637 1132 3684 suo
1147 3621 1184 3682 et
1199 3606 1389 3698 adorabat,
1402 3603 1720 3696 confitebaturque
1733 3625 1856 3674 coram
1866 3602 2031 3672 Domino
2040 3603 2123 3675 Deo
2134 3617 2187 3670 suc.
2201 3599 2202 3668 l

573 3723 576 3734 ’
669 3707 763 3761 man.
790 3721 815 3757 2·
910 3705 1008 3794 Magi
1028 3705 1210 3776 intrantes
1228 3698 1639 3790 domum,.invenerunt
1660 3719 1818 3790 puerum
1845 3719 1931 3768 cum
1951 3699 2079 3768 Maria
2101 3679 2202 3768 nntn'l

865 3797 947 3890 ejus
966 3807 1002 3866 et
1046 3796 1250 3869 accidentes
1271 3793 1519 3872 adoraverunt
1545 3817 1642 3862 eum.
1663 3791 1757 3861 Ecce
1778 3789 1882 3862 mirre
1902 3787 2137 3864 humilitatis
2151 3775 2202 3858 te}

865 3889 979 3994 notio.
1010 3821 1086 3975 dui
1112 3915 1196 3983 ergo
1218 3889 1352 3960 debent
1371 3886 1490 3957 facere
1517 3883 1720 3956 Christiani
1738 3884 1898 3956 Domino
1915 3885 1995 3982 jam
2013 3882 2195 3984 regnanti·

867 4006 898 4052 sa
921 4003 974 4050 sic
996 3977 1165 4055 fecerant
1187 3983 1339 4076 gentiles
1366 4005 1482 4076 puero
1506 3975 1701 4074 vagienti?

636 4103 640 4112 ·
672 4088 769 4145 natat.
789 4089 813 4142 s.
915 4073 1015 4183 Cum·
1026 4073 1271 4150 descendisset
1283 4078 1305 4148 J
1306 4099 1389 4148 osus
1405 4075 1450 4146 de
1466 4087 1606 4168 monte,
1624 4074 1788 4168 leprosus
1803 4075 1975 4165 veniens,
1986 4099 2105 4170 genu
2125 4075 2202 4158 llext

867 4167 1035 4246 adorant
1057 4197 1141 4248 eam
1153 4227 1164 4268 ,
1186 4169 1339 4246 dicens:
1362 4170 1534 4264 Domine,
1554 4170 1586 4244 si
1610 4169 1687 4265 tis,
1713 4180 1817 4266 potes
1836 4195 1895 4244 me
1913 4169 2129 4249 mundare.
2201 4165 2202 4172 ἵ
