4502 5484
197 367 457 460 TITULUS
481 367 610 458 XXll
636 369 813 459 Bonitas
836 370 923 460 Dei
950 393 1047 490 erga
1072 400 1170 496 suos
1190 373 1350 462 Servos.
1399 385 1448 483 tr

48 571 51 586 ’
160 587 361 664 Obsideute
387 588 484 662 Juda
506 585 716 662 Machabaeo
734 586 921 684 quoddam
942 585 1179 684 praesidium,
1197 589 1349 686 quidam
1365 615 1456 686 gen·
1474 600 1596 655 suas.
1609 621 1647 658 ιο.

115 683 217 776 tiles,
239 685 343 758 intus
371 685 596 777 existentes,
630 685 746 756 verba
782 683 1020 779 blasphemiae
1046 683 1208 762 nefanda
1241 687 1454 781 jactabant,

113 792 235 853 tamen
256 781 331 852 cito
361 791 488 876 postea
514 780 737 852 concremati
758 779 923 852 fuerunt.

158 875 524 948 DicentibusJudaeis
540 873 733 946 Nicanori:
750 877 818 947 Est
833 875 1015 948 Dominus
1081 888 1164 950 tens
1185 873 1228 948 in
1250 877 1366 967 coelo,
1387 880 1454 974 qui
1470 927 1496 962 2,
1508 909 1593 961 Maca.
1609 907 1647 963 15.

114 972 221 1068 jussit
239 973 296 1066 agi
315 973 509 1068 septimam
526 968 624 1078 diem
636 969 835 1042 solenmem
849 1026 858 1062 ,
874 969 936 1043 ille
951 969 1028 1042 infe
1043 972 1086 1044 ix
1098 974 1149 1044 ait
1162 997 1169 1041 :
1182 974 1229 1044 Et
1242 998 1308 1068 ego
1323 985 1453 1067 potens
1546 1006 1554 1025 =

115 1089 198 1230 epm·
212 1090 323 1161 super
336 1079 492 1157 terram,
510 1089 577 1159 qur
591 1088 733 1156 rmpero
753 1067 852 1138 sumi
866 1089 983 1158 arma,
1006 1078 1042 1136 et
1065 1067 1255 1160 negotium
1275 1069 1370 1161 regis
1388 1068 1456 1138 im-

150 1187 211 1234 en.

111 1187 134 1256 p
159 1257 254 1328 Cum
281 1256 446 1352 ejecisset
472 1254 698 1326 daemouium
722 1254 906 1326 Dominus
941 1271 1084 1326 coecum
1115 1265 1152 1326 et
1180 1265 1347 1345 mutum,
1375 1267 1456 1327 stu·
1474 1288 1569 1339 Maus,
1591 1307 1630 1342 η,

108 1352 284 1448 pentibus
306 1350 448 1442 turbis,
481 1348 661 1421 Pharisaei
691 1348 1023 1444 blasphemabant,
1053 1348 1248 1422 dicentes:
1281 1349 1351 1421 Hic
1377 1374 1455 1422 non

110 1447 212 1542 ejicit
242 1445 427 1518 daemones
457 1444 531 1516 nisi
560 1445 602 1515 in
628 1445 836 1518 Beelzebub
858 1445 1025 1540 principe
1051 1444 1331 1517 daemoniorum.

155 1539 343 1612 Pendente
363 1541 522 1612 Domino
544 1541 582 1612 in
604 1564 733 1636 cruce,
744 1551 1009 1638 praetereuntes
1027 1538 1332 1636 blasphemabant
1349 1565 1455 1634 eum,
1474 1549 1647 1610 soraterra.

110 1649 301 1710 moventes
324 1638 442 1732 capita
469 1661 536 1708 sua
557 1647 624 1708 etc.

159 1731 465 1804 Contradicebant
488 1731 609 1804 ludaei
635 1731 718 1824 his,
742 1755 826 1828 quae
845 1753 866 1800 a
883 1731 999 1802 Paulo
1021 1731 1261 1824 dicebantur,
1284 1731 1457 1828 blasphe-

105 1839 250 1900 mantes
273 1851 316 1898 ac
337 1826 638 1899 contradicentes.

463 1965 861 2087 'arsurus
919 2003 1084 2086 xxrr.

399 2168 576 2248 Bom'ras
607 2173 698 2254 Der·
723 2204 833 2276 -erga
874 2204 969 2253 suos
1012 2174 1165 2255 Servos.

106 2299 325 2430 Abraham
350 2350 508 2462 loquens
530 2376 617 2426 cum
635 2354 819 2441 Domino,
841 2365 878 2422 et
900 2363 1029 2442 petens
1045 2365 1088 2424 ut
1106 2367 1272 2447 parceret
1290 2355 1456 2427 Sodomi-
1475 2343 1541 2406 ΕΦ·
1561 2355 1599 2404 ¹&

106 2450 285 2543 tis,mira
301 2444 439 2518 fiducra
463 2449 661 2538 utebatur,
693 2456 737 2516 ut
762 2445 869 2519 visus
897 2441 1030 2516 fuisset
1065 2447 1162 2540 apud
1191 2446 1361 2520 homines
1384 2451 1456 2519 im-

105 2558 321 2644 portunus,
350 2540 412 2614 sed
430 2542 614 2615 Dominus
646 2541 681 2614 ei
705 2565 850 2636 semper
873 2539 1030 2633 benigne
1051 2540 1263 2635 respoudit,
1290 2556 1326 2614 et
1353 2540 1454 2638 quod

104 2642 276 2739 petebat,
303 2639 492 2710 concessit.
1116 2669 1120 2675 ·

155 2734 330 2831 Fugieuti
354 2731 467 2806 Jacob
490 2735 584 2808 iram
613 2733 739 2806 fratris
760 2732 945 2804 Dominus
977 2731 1176 2804 clementer
1197 2733 1389 2828 apparuit,
1420 2745 1456 2805 et
1475 2733 1543 2786 ΕΜ·
1561 2732 1590 2783 ³¹
1606 2734 1634 2782 et
1721 2795 1725 2802 ,
1810 2749 1816 2794 ·,

104 2844 201 2906 tunc
223 2832 349 2927 ipsum
376 2829 594 2905 redeuntem
623 2827 670 2902 ad
697 2825 849 2900 fratrem
872 2852 984 2900 suurn
1011 2827 1057 2898 ab
1086 2828 1318 2900 insecutione
1341 2829 1455 2900 soceri
1508 2801 1549 2849 ω’

105 2926 458 3094 S'UthbedaBducia
484 3043 581 3095 usus
612 3035 669 3096 est
710 3019 841 3110 Jacob,
875 3015 1016 3090 orando
1047 3000 1274 3113 Dominum,
1297 3018 1422 3090 (licens
1446 3045 1453 3087 :
1474 3021 1541 3072 Gen·
1556 3020 1596 3071 ³²·

101 3116 193 3192 Non
244 3115 251 3129 '
293 3115 402 3184 ittam
420 3129 458 3186 te
471 3169 482 3207 ,
496 3117 570 3188 nisi
592 3113 828 3188 benedixeris
855 3112 961 3186 mihi.
1327 3111 1332 3124 '

159 3209 223 3280 Ais
244 3205 427 3278 Dominus
457 3208 504 3278 ad
531 3213 714 3304 Moysen:
735 3208 893 3300 ‚Ceru0,
917 3207 1017 3302 quod
1052 3208 1213 3306 populus
1249 3209 1320 3280 iste
1350 3206 1453 3278 durae
1472 3218 1556 3270 Exod.
1571 3219 1612 3269 32.
1697 3199 1702 3214 ¹
1787 3221 1791 3232 ·

104 3303 267 3379 cervicis
293 3299 369 3390 sit,
404 3299 548 3372 dimitte
585 3327 645 3374 me
673 3314 717 3374 ut
743 3305 926 3376 irascatur
950 3301 1057 3376 furor
1089 3329 1194 3375 meus
1223 3314 1352 3374 contra
1381 3326 1453 3372 eos.
1569 3325 1577 3340 ·

104 3397 230 3490 Quasi
251 3394 415 3484 diceret,
444 3403 490 3464 tu
518 3415 578 3462 me
603 3404 733 3483 tenes,
765 3417 835 3468 nec
860 3421 1013 3490 possum
1041 3397 1111 3468 hos
1133 3409 1341 3491 peccatores
1366 3419 1455 3464 corr-

103 3510 253 3581 terere,
274 3490 349 3560 nisi
375 3485 540 3558 dimittas
557 3509 627 3556 me.
788 3505 796 3522 ·
977 3512 985 3528 ·
1525 3547 1528 3552 .

163 3579 591 3677 LoquebaturDominus
603 3579 649 3652 ad
664 3582 725 3652 Μο
756 3601 839 3672 seu,
850 3581 946 3652 sicut
955 3580 1059 3676 loqui
1071 3580 1164 3652 solet
1175 3578 1289 3650 homo
1305 3578 1350 3648 ad
1362 3581 1455 3650 am'i-
1472 3585 1554 3637 uxor.
1571 3583 1612 3639 ³3·

106 3705 202 3754 cunr
219 3700 345 3768 suum,
360 3676 558 3771 ipsumque
574 3675 620 3746 ab
631 3604 776 3748 aemulis
792 3677 870 3747 suis
892 3688 929 3746 et
946 3674 1214 3747 detractoribus
1226 3669 1453 3745 defendebat.
1472 3654 1614 3773 N¹¹e¹,¹¹',5¹²*

165 3770 341 3882 Obedivit
355 3771 539 3844 Dominus
554 3773 639 3846 voci
656 3770 767 3844 Josue
794 3770 954 3843 dicenti:
975 3771 1035 3843 Sol
1053 3781 1182 3842 contra
1207 3768 1358 3840 Gabaon
1377 3795 1454 3841 non
1472 3803 1548 3856 10³1„
1574 3819 1613 3855 ,0,
1700 3775 1704 3782 ’

102 3891 308 3946 movearas.
512 3889 513 3896 ¹
1061 3933 1066 3940 .

162 3959 300 4034 Balach
328 3963 479 4038 vocavit
498 3961 675 4054 Balaam,
700 3973 744 4034 ut
761 3961 993 4035 malediceret
1018 3959 1105 4033 filiis
1128 3958 1262 4051 lsrae'l,
1289 3958 1352 4031 sed
1377 3959 1453 4031 Do-
1472 3973 1550 4026 uum.
1570 3975 1611 4027 23.

105 4057 279 4136 minuse
302 4058 485 4130 contrario
502 4055 690 4152 perillum
711 4056 905 4130 benedixit
920 4055 994 4150 eis,
1013 4069 1057 4132 ut
1072 4055 1249 4128 recitatur
1268 4054 1379 4126 Josue
1395 4055 1451 4145 24.

164 4149 315 4223 Gedeon
337 4177 359 4222 a
379 4151 538 4224 Domino
556 4152 615 4224 bis
636 4152 729 4246 petit
751 4155 898 4248 signum
916 4153 959 4224 in
979 4151 1134 4244 vellere,
1154 4162 1283 4224 utrum
1306 4148 1452 4222 deberet
1469 4161 1554 4212 Judic·
1572 4163 1597 4211 ⁶·

105 4245 311 4321 victoriam
333 4245 378 4318 de
401 4245 571 4321 hostibus
597 4246 771 4322 obtinere.
928 4307 937 4323 .

1044 4357 1071 4428 F
