4498 5462
1074 698 1454 790 TITULU'S
1516 701 1565 786 C.

964 946 972 954 ,
1092 931 1096 940 ,
1120 851 1417 935 Misericordia
1459 847 1559 932 Det

450 999 545 1103 'oea
557 1043 585 1115 t·
602 1043 641 1102 ιε.
745 1038 916 1114 isericors
940 1039 1042 1116 Deus
1062 1041 1137 1117 fuit
1153 1066 1239 1138 erga
1256 1039 1374 1150 Cain,
1391 1037 1484 1112 dum
1501 1039 1629 1134 posuit
1654 1040 1689 1114 ei
1712 1043 1863 1138 signum
1876 1097 1887 1140 ‚
1901 1055 1946 1122 ut
1963 1061 2065 1126 non-

672 1134 901 1209 interficeret
922 1163 1009 1210 eum
1030 1141 1176 1230 omnis,
1199 1162 1267 1236 qut
1293 1135 1501 1210 invenisset
1524 1159 1623 1208 eum.

476 1243 544 1294 Gen·
562 1257 587 1310 7·
722 1234 820 1327 Erga
841 1231 918 1306 Noe'
939 1233 1031 1306 dum
1053 1261 1141 1308 eum
1167 1231 1343 1318 liberavit
1361 1258 1383 1303 a
1405 1229 1570 1322 diluvio,
1588 1245 1864 1330 cousequenter
1882 1265 1966 1337 erga
1985 1253 2042 1316 to·

673 1341 756 1403 tum
778 1353 895 1424 genus
921 1329 1156 1422 humanum,
1173 1341 1217 1402 ut
1242 1354 1322 1402 non
1344 1325 1518 1426 funditus
1539 1329 1690 1422 periret.

475 1440 561 1494 Exeo.
583 1440 621 1506 14.
721 1428 819 1592 Erppp
840 1426 1023 1524 populum
1043 1425 1313 1518 Israeliticum,
1339 1423 1433 1498 dum
1454 1449 1542 1496 eum
1559 1411 1731 1498 liberavit
1749 1451 1772 1497 a
1795 1426 1889 1502 dura
1911 1436 2037 1506 servi«

673 1527 755 1594 tute
897 1523 1003 1594 tiaca.
1078 1559 1080 1564 ·

477 1644 501 1680 ι.
522 1628 585 1681 nd.
600 1647 620 1683 ι.
722 1545 1016 1710 Ergagyeindem
1040 1614 1244 1710 populum,
1275 1615 1368 1688 dum
1395 1639 1483 1688 eum
1513 1640 1534 1687 e
1559 1615 1769 1712 captivitate
1796 1616 2030 1714 Babylonica
2066 1649 2078 1666 ’

522 1701 525 1706 ’
674 1711 812 1806 eripuit
836 1723 873 1783 et
891 1715 934 1786 in
954 1713 1114 1811 patriam
1140 1737 1247 1786 suam
1265 1711 1430 1786 reduxit.
2064 1733 2070 1741 ·

388 1853 392 1864 ·
475 1817 544 1872 0⁰¹²·
562 1833 602 1887 ¹9·
722 1809 819 1902 Erga
841 1807 962 1903 Loth,
992 1807 1085 1884 dum
1100 1832 1188 1883 eum
1208 1835 1276 1907 per
1295 1807 1445 1906 angelos
1465 1807 1511 1880 de
1527 1805 1692 1881 Sodomis
1710 1816 1749 1878 et
1769 1805 1923 1880 flamma
1937 1809 2039 1904 ignis

552 1933 556 1938 ·
673 1903 727 1976 eri
754 1904 822 1977 uit.
1402 1927 1403 1938 ¹

474 2019 502 2058 ²·
518 2006 636 2078 Res-11²·
723 1929 822 2097 ilrga
836 2001 982 2096 David,
1004 2001 1072 2098 qui
1092 2003 1165 2076 vix
1180 2027 1232 2076 ex
1248 2003 1449 2099 poenitenti
1470 2000 1579 2074 corde
1600 1997 1702 2072 illam
1725 2022 1857 2072 vocem
1875 2025 2041 2095 pronun·

675 2096 822 2172 cievit:
848 2101 1000 2195 peccavi
1026 2098 1212 2192 Domino,
1245 2112 1282 2172 et
1304 2124 1397 2178 mox
1422 2124 1445 2170 a
1471 2095 1660 2193 Propheta
1689 2093 1842 2168 Nathan
1868 2095 2042 2176 audivit:

673 2190 859 2270 Dominus
882 2221 1033 2292 quoque
1056 2195 1251 2270 transtulit
1267 2207 1460 2292 peccatum
1485 2207 1607 2266 tuum.

474 2293 596 2349 imant.
610 2297 653 2352 33.
720 2291 818 2386 Erga
847 2295 1072 2384 Manassen;
1094 2296 1156 2366 cui
1204 2304 1262 2366 ost
1288 2293 1467 2365 immania
1495 2289 1636 2384 flagitia
1663 2287 1766 2361 dedit
1796 2289 2038 2386 gratiamur

509 2379 546 2415 ¹²·
672 2399 795 2482 ageret
816 2391 1077 2486 poenitentiam
1104 2319 1214 2465 valde
1240 2415 1366 2462 coram
1389 2389 1469 2498 Deo
1489 2393 1640 2482 patrum
1663 2410 1830 2498 suorum.

473 2505 552 2558 soen.
569 2507 595 2559 3.
613 2527 651 2563 ιο.
720 2485 818 2578 Erga
842 2485 1031 2557 Ninivitas
1056 2488 1195 2576 quibus
1223 2511 1291 2578 pro
1318 2499 1375 2556 ter
1399 2485 1473 2556 insi
1526 2509 1585 2556 em
1607 2493 1870 2578 poeurtenttam
1898 2485 2039 2560 condo-

473 2589 553 2640 ποια.
575 2591 600 2640 s.
671 2578 779 2646 navit
806 2576 998 2650 excidium
1020 2601 1042 2646 a
1064 2577 1251 2673 Propheta
1297 2605 1374 2650 ona
1393 2605 1470 2676 prae
1497 2581 1626 2652 ictum.
1649 2577 1899 2674 Reprehendit
1921 2583 2035 2654 etiam

671 2667 897 2838 Prophredtam
919 2671 942 2742 J
943 2695 1081 2768 onam,
1100 2675 1208 2773 quasi
1230 2674 1419 2750 dolentem
1436 2675 1491 2763 ‚de
1506 2676 1627 2772 ipsius
1644 2699 1729 2771 erga
1750 2672 1936 2750 Ninivitas
1955 2677 2031 2749 mi-

670 2787 787 2838 senco
833 2767 880 2839 ul.

473 2861 571 2916 Matth·
585 2883 611 2932 s·
624 2843 651 2933 s·
719 2861 928 2933 Misericors
950 2861 1025 2934 fuit
1043 2862 1216 2936 Christus
1232 2864 1417 2938 Dominus
1441 2891 1527 2964 erga
1544 2871 1579 2942 S.
1603 2865 1817 2943 Matthaeum
1833 2921 1849 2960 ,
1868 2891 1982 2964 quem
2004 2891 2027 2940 e

669 2951 809 3026 telonio
829 2953 1014 3030 advitam
1037 2960 1275 3055 apostolicam
1297 2963 1458 3036 vocavit.

472 3051 552 3106 toan.
569 3056 594 3108 8.
718 3049 816 3145 Erga
830 3050 1025 3128 foeminam
1046 3055 1275 3151 adulteram,
1303 3082 1417 3156 quam
1441 3085 1518 3132 non
1540 3073 1689 3136 tantum
1713 3060 1850 3157 eripuit
1869 3085 1890 3132 e
1909 3059 2041 3134 mani-

669 3145 741 3218 bus
760 3148 972 3224 Scribarum
992 3163 1029 3225 et
1048 3152 1342 3246 Pharisaeorum,
1364 3156 1431 3250 qui
1448 3157 1548 3229 illam
1569 3160 1611 3232 iu
1626 3157 1811 3232 adulterio
1826 3155 2033 3253 deprehen-

670 3267 748 3315 sam
770 3245 948 3320 volebant
969 3248 1152 3344 lapidare,
1183 3250 1248 3324 sed
1274 3252 1386 3324 etiam
1409 3276 1432 3322 a
1459 3279 1528 3326 suo
1549 3254 1691 3331 Divino
1716 3251 1858 3352 judicio
1874 3265 1917 3338 ¹et
1938 3277 2029 3326 con-

668 3337 905 3414 demnatione
931 3343 1111 3417 absolvit·
1911 3438 1915 3446 Ι

470 3439 534 3494 Luc.
553 3461 590 3513 ¹9·
715 3439 813 3532 Erga
839 3439 1038 3513 Zachaeurn
1063 3440 1330 3537 publicanum,
1362 3443 1408 3516 ad
1433 3471 1560 3544 quem,
1574 3474 1613 3521 se
1640 3447 1742 3521 ultro
1764 3445 1963 3538 invitavit,
1990 3457 2034 3521 et

667 3531 825 3606 salutem
847 3536 888 3608 in
907 3539 989 3610 e'us
1012 3536 1167 3610 domum
1186 3540 1327 3612 intulit.

468 3633 531 3692 tue.
553 3661 577 3713 7·
713 3631 810 3725 Erga
835 3565 1113 3728 Magdalenam,
1137 3635 1222 3726 oui,
1243 3637 1330 3708 lieet
1353 3649 1449 3712 esset
1472 3639 1514 3712 in
1536 3640 1688 3713 civitate
1709 3641 1921 3737 peccatrix,
1942 3663 2030 3711 non

664 3735 813 3796 tantum
837 3729 962 3800 omnia
984 3741 1133 3826 peccata
1148 3731 1309 3826 remisit,
1327 3733 1390 3804 sed
1411 3735 1515 3808 illam
1531 3737 1644 3810 etiam
1662 3736 1709 3808 ad
1732 3759 2031 3834 magnamesano-

664 3819 809 3891 titatem
835 3827 1022 3917 provexit.

466 3925 544 3974 Joan·
559 3939 596 3973 21·
607 3923 647 3977 ιδ.
712 3915 809 4008 Erga
838 3917 871 3987 S.
894 3919 1070 4015 Petrum,
1096 3950 1207 4024 quem
1235 3935 1319 4021 post
1348 3923 1596 4004 condonatam
1617 3929 1758 4002 trinam
1788 3929 2030 4027 negationem

663 4007 704 4080 in
726 4010 882 4104 gradum
912 4015 1308 4110 pristinum1estituit.
1701 4051 1705 4058 ·

465 4113 530 4167 Luc·
545 4115 586 4166 23.
600 4113 642 4184 ta·
710 4108 807 4201 Erga
829 4106 1012 4184 latronem
1027 4113 1218 4207 ineruce,
1240 4119 1301 4190 cui
1320 4115 1405 4214 plus
1421 4121 1625 4214 concessit,
1643 4147 1755 4217 quam
1775 4121 1839 4194 ille
1856 4123 2018 4220 petierat.

462 4214 554 4272 Actor.
572 4235 599 4289 9·
709 4204 805 4298 Erga
821 4205 855 4275 S.
868 4205 1043 4304 Paulum,
1055 4210 1101 4286 ad
1113 4239 1225 4308 quem
1238 4213 1284 4284 de
1296 4213 1390 4312 coelo
1401 4213 1609 4329 descendit,
1620 4241 1707 4288 cum
1719 4230 1808 4291 actu
1823 4237 2022 4315 perseque-

658 4309 764 4376 retur
781 4299 1002 4405 Ecclesiam,
1022 4319 1065 4386 ut
1079 4333 1168 4409 eum
1186 4321 1438 4406 converteret,
1453 4324 1489 4385 et
1511 4337 1562 4386 ex
1577 4325 1813 4412 persecutore
1839 4335 2027 4410 maguum
