4498 5462
540 399 811 493 TITULUS
839 401 991 494 XCIX.
1033 371 1262 496 Miracula.
1485 410 1566 520 '187
1672 327 1676 347 *
1750 403 1752 415 ’

215 631 359 706 lumine
377 632 595 726 oculorum,
616 657 659 708 eo
676 633 777 728 quod
792 634 871 728 ipse
889 630 1149 728 proconsulem
1164 629 1324 704 Paulum
1341 629 1447 702 afide
1462 655 1571 706 aver-

215 728 339 818 tebet,
362 739 399 800 et
416 729 604 824 Apostolis
620 729 787 803 Verbum
805 729 874 802 Dei
893 728 1181 822 praedicantibus
1204 726 1407 800 resistebat.

261 825 308 894 In
321 824 483 898 Ciuitate
498 826 645 922 Lystris
658 837 736 896 erat
748 823 900 922 quidam
912 825 974 898 vir
985 823 1139 896 claudus
1152 849 1200 894 ex
1214 835 1320 894 utero
1334 823 1571 913 matrissuae,
1589 854 1679 908 Actor.
1697 854 1736 923 xt-

212 919 281 1014 qui
306 945 503 1014 nunquam
537 920 824 1011 ambulaverat,
853 945 966 1016 quem
994 922 1163 992 intuens.
1183 919 1324 990 Paulus
1354 916 1459 990 dixit
1478 943 1570 990 voce

207 1015 346 1109 magna
368 1039 376 1083 ι
398 1017 514 1108 Surge
535 1040 647 1106 super
657 1014 768 1109 pedes
790 1013 876 1086 tuo's
892 1028 1027 1088 rectus.
1043 1016 1092 1086 Et
1112 1014 1278 1104 exilivit,
1295 1025 1332 1086 et
1351 1013 1569 1087 ambulavit.

255 1109 438 1199 Quadam
460 1104 608 1201 puella,
635 1107 781 1181 habens
800 1111 977 1204 spiritum
997 1108 1235 1206 Pythonem,
1254 1133 1432 1202 magnum
1450 1135 1573 1203 quaes-
1588 1129 1679 1182 Actor.
1698 1131 1749 1182 16ae

205 1214 289 1276 tum
310 1204 511 1297 prestabat
532 1201 706 1274 Dominis
725 1206 803 1274 suis
820 1203 1037 1276 divinando.
1054 1205 1142 1274 Haeo
1165 1206 1391 1299 sequebatur
1411 1203 1573 1277 Paulum
1637 1285 1645 1296 .

203 1308 245 1368 et
268 1298 401 1386 Silam,
421 1295 602 1388 clamanS,
622 1310 659 1370 et
677 1297 804 1370 dicens
818 1325 825 1368 :
840 1299 908 1369 Isti
922 1297 1094 1369 homines
1113 1300 1213 1372 servi
1232 1301 1301 1371 Dei
1316 1298 1454 1373 excelsi
1471 1311 1571 1371 sunt.

206 1391 346 1464 Pardus
369 1402 494 1463 autem
517 1391 617 1464 dixit
640 1393 809 1489 spiritui:
830 1395 1011 1488 Praecipio
1028 1393 1098 1464 tibi
1116 1393 1158 1466 in
1180 1396 1332 1466 nomine
1355 1394 1446 1467 Jesu
1466 1395 1572 1466 exire

202 1487 252 1560 ab
274 1511 327 1557 ea.
353 1487 402 1556 Et
424 1487 546 1560 exivit
565 1489 690 1560 eddom
715 1487 819 1562 horti.

253 1582 349 1652 Cum
376 1593 500 1678 essent
526 1583 666 1654 Paulus
694 1595 732 1654 et
757 1585 849 1656 Silas
873 1585 915 1656 in
944 1606 1088 1656 carcere
1117 1581 1313 1656 laudantes
1342 1584 1706 1676 Donrinum,E0acm.·

200 1675 328 1750 subito
348 1687 456 1748 terrae
479 1685 604 1748 motus
638 1677 760 1750 factus
786 1691 841 1750 est
868 1701 1049 1772 magnus,
1076 1679 1130 1749 ita
1155 1691 1197 1749 ut
1217 1691 1461 1752 moverentur
1478 1679 1569 1751 sun-

202 1769 378 1843 damenta
403 1773 584 1864 carceris,
608 1786 644 1845 et
668 1775 795 1848 statim
812 1785 942 1872 aperta
965 1772 1172 1868 suntnostia
1193 1775 1343 1866 omnia,
1360 1787 1396 1845 et
1413 1781 1569 1850 univcr-

203 1891 334 1940 sorum
363 1866 518 1939 vincula
544 1867 666 1939 soluta
692 1881 792 1941 sunt.

252 1960 422 2032 Virtutes
447 1985 525 2031 non
552 1961 716 2047 modicas
743 1963 901 2036 faciebat
924 1967 1026 2036 Deus
1051 1991 1119 2060 per
1143 1990 1279 2037 manus
1304 1965 1434 2057 Pauli,
1450 1967 1504 2038 ita
1524 1979 1569 2040 ut
1585 1988 1677 2041 Actor.
1698 2005 1739 2058 ¹9·

200 2056 317 2129 etiam
345 2080 457 2150 super
478 2055 674 2149 languidos
702 2055 944 2132 deferrentur
971 2083 994 2128 a
1019 2083 1171 2153 corpore
1206 2062 1288 2154 ejus
1315 2059 1486 2149 sudaria,
1506 2061 1569 2132 vel

204 2151 458 2317 semiloinlctia,
477 2161 514 2222 et
539 2150 761 2226 recedebant
783 2154 830 2226 ab
853 2155 906 2226 eis
933 2154 1149 2247 languores,
1167 2165 1205 2226 et
1232 2154 1385 2249 spiritus
1404 2146 1570 2248 nequlm

204 2272 225 2318 o
268 2255 498 2319 e1eantur.

225 2270 416 2430 grQuidam
439 2342 461 2412 J
464 2339 562 2413 udaei
589 2353 834 2417 tentaverunt
848 2346 1025 2418 invocare
1045 2365 1157 2436 super
1184 2369 1269 2433 eos,
1292 2344 1359 2438 qni
1382 2343 1570 2415 habebant
1578 2339 1696 2417 'Eodem

202 2435 359 2532 'spiritus
387 2437 525 2528 malos,
542 2461 683 2510 nomen
710 2441 864 2512 Domini
893 2441 984 2512 Jesu
1019 2437 1182 2530 Christi,
1204 2437 1369 2529 dicentes
1393 2463 1400 2507 :
1425 2437 1571 2531 Adiuro

166 2605 168 2612 s
202 2557 273 2606 vos
305 2557 373 2626 per
406 2533 563 2622 lesum,
594 2557 708 2627 quem
736 2533 876 2605 Paulus
911 2534 1098 2628 praedicat.
1136 2532 1376 2625 Respondens
1414 2533 1569 2626 spiritus
1641 2577 1645 2586 ι

201 2627 328 2700 dixit:
352 2628 481 2700 desum
510 2629 624 2720 novi,
641 2639 678 2700 et
711 2628 871 2701 Paulum
897 2627 995 2720 scio,
1016 2650 1086 2702 vos
1115 2639 1240 2698 autem
1277 2629 1344 2721 qui
1371 2626 1494 2698 estis?
1519 2631 1569 2698 Et

201 2721 373 2796 insiliens
410 2722 548 2813 homo,
566 2725 608 2794 in
641 2749 718 2818 quo
742 2737 822 2796 erat
850 2723 1102 2816 daemonium,
1118 2721 1333 2794 dominatus
1348 2733 1404 2796 est
1437 2747 1568 2795 eornm

200 2819 276 2910 ita,
302 2831 345 2891 ut
370 2819 464 2892 nudi
487 2831 526 2892 et
551 2819 742 2893 vulnerati
761 2817 976 2914 effugerent.
1078 2895 1080 2902 ,

249 2916 338 2988 Una
360 2915 509 2988 Sabbati
531 2915 672 2988 Paulus
699 2914 896 3012 disputans
922 2914 1111 3011 protraxit
1138 2939 1348 2988 sermonem
1376 2939 1497 3010 usque
1520 2912 1568 2986 ad
1585 2912 1677 2966 Μῦν·
1697 2931 1740 2967 ²⁰·
1840 3004 1841 3012 ἵ

201 3008 363 3080 mediam
389 3023 549 3082 noctem.
576 3011 713 3082 Sedens
737 3025 862 3084 autem
886 3009 1040 3106 quidam
1063 3009 1276 3084 adolescens
1305 3035 1417 3105 super
1443 3009 1568 3082 senes-

204 3113 325 3187 tram,
359 3121 446 3168 cnm
471 3115 667 3190 urgeretur
684 3129 825 3191 ,somno
852 3111 978 3196 gravi,
1002 3105 1134 3176 cecidit
1158 3105 1202 3174 de
1232 3104 1426 3176 coenaculo
1455 3109 1568 3180 tertio

203 3192 404 3280 deorsum,
424 3203 461 3262 et
489 3191 659 3264 sublatus
686 3207 742 3266 cst
772 3208 956 3265 mortuus.
980 3196 1037 3264 Ad
1068 3221 1181 3286 quem
1208 3223 1295 3268 cum
1318 3197 1573 3272 descendisset

204 3286 346 3362 Paulus
373 3285 549 3357 incubuit
569 3312 679 3382 super
701 3313 799 3363 eum.
828 3286 1082 3360 Adduxerunt
1104 3300 1230 3362 autem
1256 3314 1416 3385 puerum
1431 3294 1569 3366 viven-

203 3397 304 3476 tem,
324 3393 361 3455 et
384 3379 565 3454 consolati
587 3394 676 3452 sunt
701 3383 825 3453 nimis.

252 3481 434 3574 Tempore
448 3475 639 3573 hyemali,
655 3501 742 3548 cum
762 3476 968 3548 evasissent
984 3477 1125 3549 Paulus
1148 3488 1185 3550 et
1205 3479 1296 3550 socii
1315 3481 1397 3571 ejus
1416 3477 1461 3550 de
1484 3503 1569 3550 con·
1585 3489 1679 3542 Actor.
1704 3495 1748 3546 aa.

204 3573 325 3648 fracta
350 3573 464 3663 navi,
482 3583 520 3644 et
540 3570 783 3644 calefacerent
806 3595 843 3642 se
865 3569 912 3641 ad
933 3571 947 3641 i
971 3596 1080 3658 nem,
1103 3573 1233 3662 vipera
1254 3596 1277 3639 a
1299 3572 1418 3642 calore
1440 3596 1570 3666 proce-

205 3671 299 3744 dens
321 3668 463 3742 invasit
484 3685 639 3738 manum
659 3665 790 3756 Pauli,
809 3689 923 3760 quam
944 3597 1007 3735 ille
1028 3665 1224 3736 excutiens
1245 3664 1287 3735 in
1307 3664 1455 3758 ignem,
1472 3664 1570 3739 nihil

205 3765 296 3842 mali
323 3778 456 3860 passus
483 3761 577 3854 fuit,
595 3787 683 3835 cum
704 3774 832 3834 tamen
858 3759 1071 3832 crederetur
1092 3761 1139 3831 ab
1165 3757 1384 3834 hominibus
1407 3761 1569 3856 regionis

205 3861 308 3935 illius
334 3860 434 3932 illico
456 3859 674 3931 moriturus.
1405 3881 1413 3897 .

257 3957 406 4028 Patrem
425 3952 551 4028 Publii
572 3951 740 4024 febribus
757 3962 793 4024 et
816 3949 1033 4050 dysenterid
1051 3952 1282 4026 laborantem
1295 3952 1455 4044 ,Paulus
1470 3951 1568 4024 facta
1584 3969 1695 4045 notem.

208 4051 397 4142 oratione,
413 4062 450 4122 et
466 4073 649 4122 manuum
671 4049 907 4146 impositione
928 4050 1085 4124 sanant.
1111 4051 1196 4140 Quo
1215 4049 1314 4121 facto
1331 4073 1482 4138 omnes,
1501 4049 1569 4145 qui

131 4227 137 4248 ⁸
206 4146 252 4234 in
270 4145 396 4222 insula
413 4145 477 4223 illa
494 4144 686 4222 habebant
704 4143 965 4241 infirmitates,
981 4143 1203 4219 accedebant
1219 4156 1256 4244 et
1279 4145 1518 4220 curabantur.

1123 4279 1265 4396 aaa
