4464 5464
379 309 646 402 TITULUS
678 306 870 396 CXLVI.
908 307 1266 398 Pusillanimitas.
1433 315 1516 424 '275

198 541 387 614 Videntes
409 535 480 612 filii
504 533 620 610 Isratl
643 538 839 638 AEgyptios
860 552 946 639 post
968 566 1030 635 se,
1049 542 1261 616 timuerunt
1282 537 1410 634 valde,
1434 537 1521 612 licet
1539 559 1625 615 13:011.
1645 558 1684 626 n..

140 637 341 723 vidissent
359 647 416 711 tot
438 633 640 727 miracula,
653 633 754 710 facta
779 663 848 734 pru
870 639 922 710 eis
940 650 1122 736 potestate
1147 637 1288 716 divina.

194 737 400 832 Loquente
417 733 587 806 ‘Domino
611 734 736 831 Moysi
766 735 808 808 in
839 747 990 829 monte,
1022 737 1183 834 populus
1213 735 1387 810 audiebat
1411 761 1523 813 voces
1540 742 1628 798 Μ·
1653 755 1695 792 ²2*

141 843 184 906 et
216 829 432 926 lampades,
459 841 496 902 et
519 828 686 902 sonitum
708 830 895 927 buccinae,
922 845 1166 930 montemque
1188 833 1459 928 fumigantem,
1486 844 1524 905 et

192 928 362 1018 rterriti,
386 951 430 1000 ac
462 949 603 1022 pavore
624 930 791 1020 percussi
815 939 1000 1002 steterunt
1015 932 1163 1027 procul,
1197 930 1360 1006 dicentes
1378 929 1523 1027 Moysi:

138 955 325 1122 beoquere
349 1022 541 1110 tumbis,
564 1032 601 1093 ct
628 1020 834 1096 audiemus.
862 1022 947 1096 Non
974 1025 1153 1121 loquatur
1177 1029 1286 1099 nobis
1313 1027 1526 1118 Dominus,

143 1146 197 1194 ne
223 1123 325 1193 forte
348 1117 565 1190 moriamur.

199 1213 446 1289 Revelatione
475 1209 573 1284 sacta
595 1212 641 1286 de
668 1213 948 1290 conditionibus
978 1229 1087 1291 terrae
1122 1219 1402 1314 promissionis,
1441 1241 1526 1315 quse
1545 1229 1626 1284 Num·
1651 1223 1691 1274 ¹3·

146 1309 322 1386 habebat
349 1307 510 1380 cultores
540 1307 762 1384 fortissimos
794 1313 974 1388 et·urbes
1009 1311 1166 1409 grandes
1192 1327 1305 1412 atque
1339 1329 1524 1406 muratas,
1598 1301 1625 1344 ⁰²
1646 1291 1686 1356 '⁴'

148 1407 342 1480 dixerunt
366 1402 420 1476 illi
444 1404 490 1476 de
509 1406 646 1501 populo
665 1433 672 1478 :
693 1409 850 1482 Utinam
868 1411 1011 1484 mortui
1033 1437 1198 1484 essemus
1219 1413 1262 1483 in
1285 1415 1464 1509 AEgypto,
1492 1423 1530 1483 et

152 1503 374 1576 dixerunt:
408 1499 548 1574 Nuncii
571 1513 789 1578 terruenmt
818 1531 898 1580 nos.
934 1506 1037 1578 Siout
1060 1505 1200 1579 dicitur
1220 1510 1330 1579 Dent.
1363 1533 1391 1578 1.
1473 1561 1476 1566 .

206 1595 350 1666 Videns
370 1595 503 1666 Balaac
516 1623 587 1668 rex
605 1601 715 1672 Moab
733 1603 880 1692 omnia,
901 1627 987 1697 quae
1007 1601 1172 1675 fecerant
1184 1601 1378 1676 fiiiilsrae'l
1395 1605 1530 1676 Amor·
1549 1598 1630 1650 num.
1652 1607 1695 1644 ²²⁶

150 1689 300 1784 rhaeis,
330 1701 366 1762 et
388 1691 486 1785 quod
501 1693 689 1767 timuisset
744 1699 879 1792 opulus
897 1700 1000 1794 ejus,
1025 1698 1110 1792 plus
1130 1699 1295 1772 confisus
1315 1711 1371 1770 est
1392 1701 1432 1773 in
1447 1725 1533 1774 ver·
1582 1716 1583 1724 ’

150 1789 250 1877 bis,
274 1811 387 1880 quam
411 1789 457 1856 in.
479 1789 592 1870 armis
614 1814 623 1858 ε
646 1722 748 1864 unde
766 1793 926 1868 nuncios
957 1794 1062 1865 misit
1091 1792 1137 1864 ad
1166 1795 1335 1884 Balaam,
1364 1794 1534 1870 ut'veni·

153 1895 243 1972 ret,
266 1894 303 1952 et
325 1878 560 1952 malediceret
581 1880 669 1954 filiis
690 1887 815 1956 Israttl.

210 1976 548 2073 Exploratoribus‚
571 1980 639 2072 qui
661 1990 845 2052 venerant
871 2004 921 2052 ex
943 1993 1048 2076 pane
1064 1982 1206 2073 Josue,
1235 1982 1336 2055 dixit
1358 1982 1533 2056 Rachab:
1552 1988 1638 2039 Jowe·
1661 1999 1686 2034 ²·

157 2074 292 2167 Novi,
317 2071 419 2169 quod
445 2069 641 2146 tradiderit
668 2073 853 2147 Dominus
875 2085 1014 2148 terram
1037 2079 1168 2170 vobis,
1199 2079 1336 2172 etjam
1359 2078 1473 2149 irruit
1493 2077 1536 2148 in

154 2175 235 2246 'nos
260 2182 381 2243 terror
396 2181 544 2260 vester,
561 2180 599 2240 et
621 2169 869 2264 elanguerunt
892 2197 1021 2244 omnes
1052 2171 1281 2246 habitatores
1303 2183 1422 2247 terrae.

213 2269 421 2364 Postquam
444 2263 577 2337 Achan
603 2266 742 2340 tulerat
765 2265 811 2336 de
837 2265 1075 2340 anathemate
1105 2268 1277 2358 Jen'cho,
1307 2267 1538 2364 fugaverunt
1556 2273 1642 2324 rosus.
1665 2285 1689 2335 7·

160 2364 237 2438 filii
259 2364 330 2436 Hai
355 2361 453 2436 filios
484 2362 619 2456 Israel,
638 2375 675 2436 et
698 2374 923 2436 corruerunt
941 2388 991 2435 ex
1013 2364 1066 2435 eis
1089 2364 1244 2458 triginta
1260 2389 1330 2436 sex
1346 2363 1540 2452 homines,

160 2460 439 2558 pertimuitque
458 2485 522 2532 cor
551 2460 699 2558 populi,
732 2472 769 2532 et
794 2459 916 2533 instar
938 2483 1045 2557 aquae
1063 2457 1309 2556 liquefactum
1330 2471 1388 2532 est
1404 2457 1540 2532 :Josue

161 2583 261 2633 vero
289 2555 397 2630 scidit
427 2557 664 2632 vestimenta

216 2651 436 2727 Gabaonitae
473 2652 668 2729 audientes
702 2667 862 2748 cuncta,
888 2676 973 2822 duae
1004 2652 1145 2726 fecerat
1176 2653 1290 2725 Josue
1318 2651 1470 2725 Jericho
1504 2661 1542 2722 et
1561 2645 1650 2695 ³⁰⁵⁰*
1668 2656 1695 2708 ⁹·

164 2750 268 2841 Hai,
298 2749 532 2842 timuerunt,
574 2763 611 2824 et
639 2752 836 2826 venientes
865 2775 887 2822 a
940 2749 1054 2824 Josue
1067 2806 1079 2847 ,
1111 2749 1284 2824 fecerunt
1317 2759 1472 2847 pactum
1497 2743 1545 2817 ad

164 2847 405 2923 voluntatem
432 2847 561 2942 ipsius.

221 2943 318 3016 Gutn
338 2940 495 3016 haberet
515 2939 669 3014 Gedeon
690 2939 732 3012 in
755 2943 928 3016 exercitu
958 2913 1029 3016 suo
1049 2943 1205 3036 triginta
1228 2941 1306 3013 duo
1335 2941 1454 3010 millia
1474 2937 1547 3009 bo-
1564 2943 1652 2996 rusie.
1680 2955 1705 3007 s·

171 3036 345 3122 minum,
371 3037 573 3104 clamatum
603 3035 707 3104 fuit:
737 3039 815 3122 Qui
850 3038 1116 3111 formidolosus
1150 3049 1228 3127 est,
1249 3046 1474 3112 revertatur.
1497 3033 1547 3106 Et

176 3149 329 3201 reversa
357 3137 447 3196 sunt
469 3149 520 3194 ex
548 3121 688 3226 populo
707 3127 943 3218 vigintiduo
970 3131 1088 3198 millio
1115 3131 1329 3200 hominum.

228 3217 316 3293 Saul
344 3230 382 3290 et
416 3241 545 3292 omnes
573 3214 750 3296 Israe'litae
788 3219 982 3296 audientes
1016 3244 1204 3292 sermones
1236 3221 1389 3292 Goliath
1415 3217 1549 3292 Philis-
1569 3250 1593 3284 ι.
1615 3233 1679 3298 neg.
1704 3244 1744 3296 ¹:-

177 3317 265 3409 taei,
297 3313 484 3411 singulare
510 3323 699 3386 certamen
725 3315 908 3408 petentis,
936 3315 1136 3409 stupebant
1154 3315 1280 3386 nimis.

232 3414 326 3506 Con
356 3410 479 3507 egavit
505 3407 595 3482 Saul
629 3407 852 3482 universum
878 3410 1017 3503 Israel,
1039 3423 1076 3482 et
1105 3412 1213 3486 venit
1244 3411 1288 3482 in
1319 3408 1480 3499 Gelboe,
1509 3421 1550 3480 'et
1571 3447 1594 3480 t.
1616 3431 1680 3495 neg.
1704 3421 1748 3476 as.

181 3510 282 3586 vidit
341 3507 535 3581 aul'castra
550 3501 753 3576 Philistiim
768 3560 778 3600 ,
793 3517 831 3577 et
853 3505 1003 3599 timuit,
1017 3517 1054 3578 et
1071 3507 1226 3600 expavit
1242 3529 1306 3576 cor
1323 3505 1405 3600 ejus
1424 3504 1550 3576 nimis.

233 3604 398 3678 Roboam
420 3605 526 3676 rudis
548 3614 586 3674 et
602 3598 712 3673 couie
728 3599 889 3699 pavido,
913 3625 991 3674 non
1014 3601 1137 3698 potuit
1159 3603 1330 3675 resistere
1346 3599 1552 3692 exercitui,
1571 3621 1596 3655 2·
1609 3604 1694 3656 Paul·
1709 3601 1751 3650 ¹³·

183 3727 299 3800 quem
327 3697 525 3798 Jeruboain
555 3701 793 3796 congregavit
821 3711 952 3772 contra
973 3725 1071 3772 eum.

238 3797 333 3874 Cum
358 3796 551 3872 audissent
571 3797 763 3870 exercitus
781 3797 1047 3896 Assyriorum,
1070 3793 1309 3869 Holofernem
1332 3817 1411 3868 esse
1435 3789 1554 3864 decol-

187 3891 329 3990 latum,
352 3894 449 3991 fugit,
471 3919 578 3967 mens
606 3905 644 3966 et
665 3894 865 3968 consilium
886 3895 932 3966 ab
954 3895 1035 3992 eis,
1055 3905 1092 3968 et
1114 3891 1195 3968 solo
1213 3903 1374 3966 tremore
1390 3899 1427 3962 et
1448 3900 1553 3962 metu
1572 3933 1677 3987 ,um
1711 3929 1751 3984 ι5,

181 3990 341 4085 agitati,
359 3993 458 4090 fugae
480 3990 695 4087 praesidium
720 4003 886 4064 sumunt.
1625 4039 1629 4048 ·

240 4083 468 4163 Nunciatum
490 4101 548 4162 est
574 4087 704 4162 domui
723 4085 869 4181 David,
895 4086 996 4185 quod
1020 4113 1092 4162 rex
1108 4083 1246 4179 Israel,
1270 4096 1400 4157 atrox
1435 4083 1554 4184 Syrias
1573 4125 1623 4175 m,
1646 4138 1670 4190 7·

193 4181 438 4272 confoederati
459 4184 637 4258 deberent
659 4195 791 4258 contra
814 4185 1020 4260 Jerusalem
1047 4183 1236 4282 praeliari,
1262 4192 1299 4256 et
1326 4191 1572 4282 commotum!

1087 4369 1306 4454 Μω-
