4502 5484
265 375 527 494 TITULUS
566 375 679 462 XIX.
709 329 994 480 Benedictio,
1027 403 1108 485 qua
1130 373 1264 456 homo
1290 393 1372 456 etc.
1452 375 1522 484 37·

202 595 295 666 Cum
325 594 529 686 aperuisset
556 590 692 662 Esdras
721 586 858 658 libnrm
885 587 991 682 legis,
1011 588 1114 660 stetit
1136 589 1257 660 omnis
1272 587 1455 682 populus,
1471 600 1507 659 et
1529 629 1554 666 2.
1567 613 1627 669 nu,
1641 614 1669 667 ε,

153 687 347 762 benedixit
368 687 505 758 Esdras
528 686 689 758 Domino
708 683 784 754 Deo
802 707 894 756 voce
914 707 1079 776 vmagna,
1100 696 1138 755 et
1164 683 1355 778 respondit
1386 684 1508 755 omnis
1592 725 1594 728 ·

153 785 338 880 populus,
369 783 499 852 Amen.
972 837 979 852 ,

203 879 291 949 Sara
316 877 394 949 fitia
422 877 614 970 Raguelis,
638 899 724 948 cum
749 873 949 968 compleret
981 875 1209 966 orationem,
1240 874 1367 947 dixit:
1391 873 1510 945 Bene-
1529 909 1596 958 Tor„
1613 891 1639 960 3',

155 971 296 1044 dictum
321 983 378 1043 est
396 996 533 1041 nomen
556 982 667 1041 tuum
689 971 790 1039 Deus
807 979 965 1064 ‚patrum
987 981 1214 1056 nostrorum.
1259 992 1260 995 ’

202 1067 340 1138 Filium
360 1091 470 1136 suum
495 1065 687 1134 instruens
710 1063 844 1135 Tobias
863 1061 962 1135 dixit
981 1065 1081 1164 inter
1096 1076 1227 1134 caetera
1251 1090 1258 1132 :
1284 1064 1399 1134 Omni
1414 1075 1511 1136 tem-
1527 1101 1595 1151 ros.
1609 1099 1636 1168 4,

153 1186 243 1256 pore
269 1157 426 1230 benedic
447 1160 593 1247 Deum,
615 1169 652 1228 et
678 1170 761 1252 pete
788 1160 833 1230 ab
862 1182 928 1246 eo,
949 1170 994 1227 ut
1014 1157 1096 1228 vias
1119 1167 1203 1228 tuas
1234 1157 1380 1248 dirigat.
1460 1195 1463 1202 ·

204 1253 343 1347 Raguel
373 1264 410 1323 et
434 1277 535 1324 uxor
566 1255 647 1347 ejus
672 1251 864 1338 videntes,
899 1249 999 1344 quod
1033 1249 1186 1321 Tobiam
1217 1251 1404 1346 juniorem
1431 1262 1511 1321 non
1528 1285 1637 1336 Tum,

154 1349 300 1420 laeserat
333 1347 561 1420 daemonium
576 1403 588 1440 ,
620 1345 802 1420 ‹lixeruut
827 1370 834 1414 ε
862 1341 1123 1416 Benedicimus
1154 1357 1192 1416 te
1227 1347 1384 1420 Domine
1409 1347 1511 1417 Deus

154 1443 269 1514 lsrael
284 1496 295 1530 ‚
313 1445 403 1536 quia
424 1469 500 1514 non
528 1443 682 1536 contigit
709 1441 850 1530 nobis,
878 1437 1191 1535 quemadmodum
1223 1439 1460 1606 putabamus.

203 1537 365 1610 Sollicite
387 1540 536 1610 monuit
560 1537 732 1626 Tobiam,
755 1548 791 1606 et
821 1535 940 1608 filium
965 1536 1046 1629 ejus
1075 1533 1222 1630 Raphae
1252 1590 1262 1626 ,
1287 1546 1330 1608 ut
1357 1535 1512 1608 benedi·
1529 1561 1596 1613 Tob.
1615 1575 1657 1612 ια.

155 1645 281 1705 cerent
298 1633 421 1704 Deum
444 1633 548 1723 coeli,
578 1643 615 1705 et
635 1644 831 1703 narrarent
858 1630 985 1701 omnia
1011 1629 1195 1702 mirabilia
1222 1633 1314 1724 ejus.

136 1783 142 1790 .
203 1727 431 1824 Recuperato
462 1729 550 1803 visu
584 1740 622 1821 et
654 1727 791 1799 auditis
821 1724 1061 1808 ¹sermonibus
1094 1725 1310 1821 Rapha'ellis,
1342 1725 1659 1820 aperiensrob.1e.

157 1823 294 1895 Tobios
312 1849 353 1895 os
381 1849 517 1916 suum,
534 1822 730 1896 benedixit
751 1823 955 1896 Dominum
976 1831 1013 1893 et
1035 1819 1135 1896 dixit
1158 1846 1165 1890 :
1193 1825 1349 1918 Magnus
1371 1846 1410 1893 es
1434 1820 1510 1894 Do-

153 1917 257 1992 mine
286 1919 329 1988 in
354 1930 539 1992 aeternum
567 1930 635 1990 etc.
1073 1963 1076 1971 ·

205 2011 503 2106 Ozias'princeps
519 2012 648 2107 populi
658 2009 791 2101 Israel,
805 2009 939 2085 videns
953 2010 976 2080 J
978 2009 1087 2082 udith
1104 2035 1191 2082 cum
1211 2013 1329 2106 capite
1340 2009 1512 2082 Holofer-
1530 2037 1633 2090 sunu.
1649 2035 1691 2088 13.
1764 2069 1769 2076 .

155 2105 235 2193 nis,
255 2104 375 2174 dixit:
394 2105 618 2178 Benedictus
637 2108 842 2195 Dominus,
858 2107 926 2199 qui
945 2105 1085 2179 creavit
1102 2105 1239 2176 coelum
1259 2118 1297 2176 et
1316 2119 1464 2177 terram.

205 2196 353 2263 Danieli
382 2208 491 2263 nocte
517 2223 583 2300 per
603 2199 787 2269 visionem
809 2200 1032 2288 mysterium
1054 2199 1260 2270 revelatum
1284 2213 1363 2290 est,
1391 2213 1428 2271 et
1451 2201 1514 2270 be-
1532 2229 1601 2279 nan.
1616 2241 1642 2278 2.

155 2285 306 2358 nedixit
334 2287 413 2356 Deo
449 2285 556 2374 coeli,
587 2296 624 2355 ct
659 2287 711 2357 ait
737 2309 745 2350 :
772 2287 826 2353 Sit
858 2308 997 2354 nomen
1027 2292 1181 2357 Domini
1219 2292 1458 2363 benedictum
1493 2317 1515 2360 a

158 2377 319 2469 saeculo,
351 2379 442 2472 quia
476 2380 656 2473 sapientia
689 2389 726 2447 et
759 2376 943 2450 fortitudo
973 2381 1054 2474 ejus
1082 2390 1194 2472 sunt,
1225 2394 1262 2452 et
1289 2383 1369 2477 ipse
1392 2393 1515 2454 mutat

78 2509 80 2512 ·
155 2487 324 2568 tempora
349 2483 387 2544 et
413 2483 554 2545 aetates..
1095 2527 1097 2538 Α
1675 2531 1676 2541 ,

204 2570 369 2642 Ananias
391 2579 428 2640 et
451 2568 541 2640 socii
563 2567 644 2638 e‘us
666 2566 771 2638 missi
792 2567 834 2637 in
855 2567 1044 2638 caminum
1065 2568 1185 2659 ignis,
1211 2567 1452 2640 ambulabant
1472 2571 1514 2642 in
1534 2600 1604 2650 Dan.
1623 2599 1653 2652 3,

155 2661 279 2736 medio
300 2651 487 2753 flammae,
504 2593 704 2735 laudantes
727 2673 764 2732 et
786 2659 1047 2732 benedicentes
1069 2663 1240 2735 Domino.
1270 2665 1318 2734 Et
1341 2688 1410 2734 rex
1440 2664 1517 2735 Na-

158 2757 448 2831 buchodonosor
491 2829 493 2831 ,
539 2770 599 2830 tea
620 2758 704 2830 viso
726 2768 839 2831 tauto,
856 2754 1062 2850 miraculo,
1080 2757 1131 2830 ait
1150 2785 1158 2828 :
1174 2757 1398 2831 Benedictus
1413 2761 1516 2833 Deus

157 2852 328 2948 sidrach,
356 2854 470 2926 Misac
529 2866 597 2926 etc.
1487 2913 1489 2916 .

207 2950 370 3023 Obteuta
403 2949 449 3044 de
480 2949 654 3022 hostibus
685 2948 867 3039 victoria,
898 2959 935 3020 et
968 2947 1148 3020 aedificato
1182 2948 1291 3024 altari
1320 2950 1390 3022 sub
1418 2948 1440 3018 J
1442 2948 1516 3021 uda
1536 2996 1558 3030 1,
1577 2979 1664 3033 nach.
1683 2982 1714 3048 4,

156 3043 390 3135 Machabaeo,
424 3043 494 3117 filii
519 3044 634 3115 lsrael
669 3041 945 3136 adoraverunt,
978 3057 1016 3115 et
1048 3043 1327 3118 benedixerunt
1349 3047 1391 3119 in
1421 3045 1515 3117 coelo

157 3139 302 3226 Deum,
323 3139 392 3232 qui
418 3163 505 3231 pros
532 3138 652 3212 eravit
674 3163 747 3210 eos.
1270 3167 1273 3174 ’

205 3231 363 3324 Propter
384 3165 626 3305 Heliodbrum
651 3231 838 3306 volentem
861 3232 1018 3329 spoliare
1045 3230 1226 3326 templum
1253 3233 1427 3325 Domini,
1456 3233 1514 3307 di·
1530 3269 1558 3304 a.
1576 3255 1663 3306 uach.
1682 3255 1710 3310 a

157 3325 250 3399 vina
271 3324 414 3397 virtute
429 3325 646 3397 terribiliter
662 3325 913 3421 flagellatum,
927 3327 1203 3400 benedixerunt
1223 3353 1353 3401 omnes
1370 3328 1515 3420 Deum,

160 3420 249 3516 quia
275 3415 535 3584 magnificabat
555 3417 681 3488 locum
712 3443 824 3490 suum
849 3434 918 3492 etc.

210 3513 340 3584 Mache
367 3537 445 3584 aeus
471 3523 508 3582 et
534 3511 600 3605 qui
629 3532 716 3580 cum
750 3536 794 3581 eo
821 3525 949 3600 erant,
976 3513 1147 3584 videntes
1169 3512 1357 3582 auxilium
1392 3538 1415 3584 a
1436 3515 1515 3588 Deo
1533 3526 1716 3580 attach-an

161 3607 233 3681 sibi
254 3608 442 3698 missum,
472 3604 751 3690 benedixerimt
781 3604 898 3680 simul.
923 3603 1199 3680 misericordem
1229 3606 1456 3704 Dominum,
1478 3622 1516 3683 et

161 3701 437 3775 convaluerunt
463 3699 609 3774 animis.
752 3783 755 3788 ,
901 3745 905 3756 .
1605 3767 1608 3776 .

209 3793 306 3868 Nato
322 3795 465 3869 Joanne
482 3796 535 3867 Ba
562 3796 666 3887 tista,
693 3807 860 3892 apertum
882 3808 939 3870 est
954 3823 996 3870 os
1018 3792 1231 3890 Zachariae,
1253 3805 1289 3868 et
1315 3797 1514 3894 propheta·
1530 3817 1595 3872 Luc.
1621 3839 1644 3874 ι.

158 3891 220 3972 ,vit
246 3887 371 3964 dicens
391 3917 401 3964 2
424 3821 649 3964 Benedictus
674 3891 859 3964 Dominus
882 3893 1005 3966 lsrael.
1179 3907 1186 3919 '

211 3985 554 4074 Cuminducerent
579 4011 739 4081 puerum
772 3986 900 4060 J'esum
933 3999 1104 4085 parentes
1133 3989 1214 4085 ejus
1239 3989 1281 4060 in
1307 3989 1489 4087 templum
1503 4047 1514 4086 ,
1529 4007 1593 4064 Luc.
1615 4026 1643 4083 2,
1671 4005 1673 4012 “

160 4082 311 4156 Simeon
333 4085 472 4179 accepit
499 4107 584 4154 eum
605 4083 646 4154 in
667 4081 798 4175 ulnas,
820 4093 858 4154 et
874 4083 1069 4166 benedixit
1089 4084 1212 4159 Deum
1227 4083 1380 4158 dicens:
1400 4085 1512 4163 Nunc

124 4267 131 4280 ,
160 4175 320 4264 dimittis
339 4202 493 4260 servum
516 4187 629 4256 tuum
654 4177 826 4254 Domine
844 4189 912 4256 etc.
