4464 5464
594 372 598 381 ,
651 287 736 404 sn
872 267 1170 367 'strutus
1195 266 1441 364 cxxxn
1485 263 1765 358 renitentia:

651 601 759 696 impii
773 588 1315 688 vermesscatument‚odore
1340 597 1453 660 etlam
1519 583 1576 656 'us
1597 604 1641 651 ac
1664 577 1800 655 foetore
1820 589 2044 662 exercitam

717 703 881 772 veretur.

456 797 558 856 ³¹⁸2&-
577 795 618 851 ²⁸·
652 723 862 868 grbervum
909 785 1094 886 nequam',
1116 784 1184 898 qui
1227 780 1351 856 noluit
1397 775 1586 850 dimittere
1622 797 1806 849 conservo
1861 793 2040 855 centum

655 889 825 964 denarios
842 895 859 977 ,'
896 885 1082 958 Dominus
1131 892 1250 954 natus
1292 869 1449 948 tradidit
1495 869 1727 967 tortoribus,
1766 873 2040 972 quoadusque

395 1033 402 1046 ·
655 983 826 1061 redderet
851 981 1076 1054 universum
1106 976 1287 1049 debitum.
1503 989 1510 1000 ·

407 1097 409 1102 '
465 1078 565 1164 mitt.
585 1097 629 1156 25.
704 1077 882 1152 Inutilem
907 1099 1082 1167 servum,
1129 1071 1170 1144 ui
1196 1066 1375 1142 traditum
1399 1063 1470 1136 sibi
1489 1085 1567 1134 non
1596 1061 1743 1137 studuit
1766 1065 2032 1162 multiplicare·

370 1197 373 1204 ⁴
657 1173 864 1263 talentum,
886 1171 1061 1267 praecepit
1101 1099 1286 1240 Dominus
1321 1159 1408 1256 illo,
1424 1155 1526 1256 quod
1556 1155 1763 1254 habuerat,
1789 1161 1965 1261 spoliari,
1986 1177 2033 1241 et

340 1355 347 1366 ,
658 1273 703 1346 in
733 1267 906 1342 tenebras
940 1266 1145 1338 exteriores
1178 1259 1274 1359 ejici.
2018 1280 2026 1293 ·

461 1417 557 1472 Mor,
575 1411 602 1468 5.
708 1363 827 1438 Fraus
848 1363 941 1452 illa,
956 1386 1070 1456 quam
1106 1355 1293 1432 commisit
1324 1349 1511 1447 Ananias,
1532 1350 1680 1424 conscia
1709 1351 1865 1450 saphim
1894 1381 2026 1435 uxore

663 1485 754 1552 sua,
774 1458 882 1554 gravi
909 1455 984 1530 suit
1016 1454 1160 1528 ultione
1192 1452 1335 1548 punita.

466 1593 559 1654 m„
585 1605 627 1646 η,
712 1551 876 1627 Herodes
919 1551 1080 1626 vestitus
1116 1561 1221 1627 veste
1255 1543 1368 1642 regali
1403 1541 1498 1616 sedit
1531 1567 1600 1641 pro
1632 1541 1829 1638 tribunali,
1849 1548 2010 1645 populus

666 1660 793 1722 autern
827 1644 1051 1718 acclamabat
1065 1645 1154 1717 :Dei
1182 1665 1292 1719 voces
1316 1652 1354 1712 et
1381 1663 1461 1712 non
1494 1635 1671 1711 hominis.
1707 1637 1907 1717 Confestim
1926 1671 2015 1742 ergo

665 1742 849 1840 percussit
879 1763 966 1813 eum
1000 1739 1154 1834 angelus
1166 1791 1187 1848 2.
1196 1763 1240 1810 eo
1273 1733 1389 1842 quod·
1406 1759 1485 1843 non
1520 1732 1682 1809 dedisset
1712 1733 1895 1814 honorem
1923 1742 2023 1841 Deo,

669 1848 707 1914 et
739 1848 984 1932 consumptus
1018 1859 1040 1906 a
1069 1834 1263 1910 vermibus
1304 1839 1502 1926 expirant

1007 2023 1351 2113 TITULUS
1405 2023 1694 2118 cxxxltl.

1215 2203 1481 2302 Paenitentia.

453 553 480 592 ι.
497 529 586 591 uach.
605 549 633 604 9.
700 498 909 578 Antiochus
937 524 1008 574 rex
1038 498 1113 572 fuit
1139 508 1217 569 tam
1245 493 1351 590 gravi
1376 455 1702 658 plagasspercussus
1720 494 1767 576 ut
1786 483 1834 556 de
1855 511 2045 586 corpore

506 2442 566 2521 m'
583 2475 615 2517 n
677 2337 901 2505 Quamdiu
942 2397 1080 2472 mansit
1120 2396 1237 2470 Maria
1270 2408 1378 2472 extra
1408 2407 1644 2490 castra,non
1669 2413 1930 2496 processerunt
1960 2400 2031 2480 filii

552 2499 559 2519 '
616 2496 624 2515 '
675 2497 802 2575 lsrael.
835 2495 919 2568 Non
957 2498 1055 2568 enim
1099 2507 1154 2567 est
1192 2495 1332 2568 bonum
1368 2495 1423 2567 ire
1459 2517 1526 2590 per
1558 2491 1749 2571 desertum
1783 2497 1902 2596 hujus
1940 2501 2032 2576 vitas

678 2599 760 2668 sine
798 2590 1047 2664 amaritudine
1073 2591 1314 2686 poenitentiae.

382 2712 390 2802 ⁸¹
478 2711 564 2780 pm,
584 2717 626 2790 ¹4·
676 2757 686 2776 ,
724 2687 894 2761 audiens
940 2685 1101 2782 populus
1146 2683 1310 2774 filiorum
1349 2685 1485 2780 lsrael,
1507 2683 1709 2761 Dominum
1746 2711 1823 2759 esse
1860 2687 2024 2781 iratum,

679 2793 842 2883 propter'
864 2783 1179 2854 murmurationes
1211 2805 1340 2854 eorum
1355 2835 1365 2872 ‚
1383 2781 1484 2857 luxit
1509 2783 1637 2869 nimis,
1662 2791 1698 2852 et
1726 2781 1766 2852 iu
1794 2803 1900 2854 mane
1931 2781 2019 2876 plus

680 2878 885 2954 voluerunt
914 2871 1056 2961 iacere,
1104 2899 1189 2946 uam
1227 2874 1411 2948 Dominus
1447 2879 1653 2975 preciperet
1690 2875 1752 2949 eis.

396 2989 400 2998 '
482 2997 572 3056 tuan.
589 3008 616 3044 α.
731 2963 788 3077 rid
829 2987 958 3037 vocem
996 2899 1116 3062 angeli
1153 2969 1438 3066 improperantis
1522 2975 1611 3071 pulo
1647 2971 1816 3069 peccanti
1847 2969 2035 3046 beneficia

682 3062 776 3171 Del,
798 3058 1042 3136 elevaverunt
1080 3088 1211 3138 vocem
1245 3091 1375 3158 suam,
1395 3081 1432 3142 et
1490 3079 1662 3145 everunt

485 3184 574 3248 sude.
600 3199 643 3240 ιο.
732 3158 922 3267 Dixerunt
958 3155 1027 3230 filii
1057 3159 1171 3232 lsrael
1201 3163 1247 3234 ad
1278 3164 1514 3238 Dominum:
1549 3166 1813 3256 Peccavimus,
1828 3173 1889 3246 ‚tu
1923 3161 2037 3238 reddo

684 3250 1017 3417 nobis,qu1d1puid
1044 3253 1114 3328 tibi
1137 3256 1265 3352 placet.
1297 3261 1346 3331 Et
1371 3263 1497 3334 omnia
1515 3261 1616 3336 idola
1640 3258 2039 3359 projeceruntzsequi·

685 3348 860 3437 tuerur
890 3347 938 3418 do
954 3361 1010 3420 urt
1036 3374 1079 3422 su
1107 3376 1148 3423 er
1170 3354 1329 3428 miseriis
1359 3377 1500 3431 eorum.

488 3495 517 3537 2,
538 3478 603 3546 neg,
629 3485 670 3526 η,
738 3443 822 3517 Cilo
854 3444 1034 3540 poelllillii
1074 3377 1108 3518 B

689 3537 939 3638 reprehendit.
990 3587 993 3598 ·

491 3666 519 3725 ³.
532 3669 597 3736 neg.
617 3679 663 3717 υ.
710 3734 718 3751 .
741 3637 871 3712 Achab
890 3665 961 3718 rex
983 3640 1097 3714 lsrael
1114 3639 1415 3716 sceleratissimus
1443 3643 1635 3742 cooperuit
1659 3668 1810 3718 carnem
1832 3666 1937 3716 suam
1958 3641 2044 3714 cili·-

687 3759 764 3821 cro,
786 3735 1068 3849 jejunavitque,
1090 3748 1127 3810 et
1156 3734 1336 3812 dormivit
1366 3739 1409 3812 in
1440 3765 1565 3836 sacco,
1582 3753 1620 3814 et
1645 3739 1854 3815 ambulavit
1880 3737 2043 3810 demisso

688 3841 825 3924 capite,
837 3845 873 3904 et
895 3845 1091 3906 rmmorata
1106 3845 1162 3904 est
1177 3857 1305 3928 perena,
1317 3831 1426 3930 digne
1442 3835 1498 3909 illi
1508 3861 1576 3934 pro
1592 3835 1813 3910 criminibus
1830 3828 2043 3928 infligenda.

492 3943 671 4016 arcusa
741 3929 927 4036 Manassae
961 3952 1031 4036 rex
1064 3927 1162 3999 Juda
1186 3929 1339 4002 vinctus
1369 3932 1530 4026 catenis,
1549 3943 1588 4005 et
1614 3933 1658 4006 in
1687 3924 2047 4029 Babylonem-duc-

661 4031 868 4118 ⁸111s,eg1t
899 4023 1159 4118 poenitentiam
1191 4022 1299 4097 valde
1328 4048 1453 4100 corant
1488 4027 1662 4108 Domino.
1696 4027 1748 4110 Et
1774 4025 1932 4106 reduxit
1958 4043 2046 4096 eum

689 4115 875 4197 Dominus
907 4119 951 4197 iu
977 4115 1184 4196 Jerusalem
1205 4143 1364 4222 regnum
1392 4145 1514 4202 sutmt.
1656 4111 1662 4120 ’

1110 3445 1222 3546 avid,
1243 3448 1394 3548 quando
1442 3451 1593 3528 Nathan
1632 3453 1759 3552 ipsum
1796 3449 1843 3524 de
1883 3451 2041 3525 crimine

1890 4217 2048 4294 lamen·
