4502 5484
396 349 661 443 TITULUS
712 295 824 442 Xlll.
866 353 1186 472 Apparitiones.
1446 387 1499 440 ar

193 575 326 654 Eltsaeo
348 583 395 653 ab
420 584 590 662 exercitu
616 585 799 681 Syrorum
831 579 1078 674 circumdato,
1112 606 1158 677 ap
1185 593 1367 656 aruerunt
1387 581 1499 655 multi
1518 594 1544 663 t.
1562 597 1626 666 neg.
1644 592 1693 650 a'

147 678 281 772 angeli,
303 677 543 753 defendentes
573 705 677 772 eum,
706 703 800 774 quos
828 691 865 752 et
885 703 980 774 puer
1001 679 1083 773 ejus
1110 607 1226 774 vilia,
1253 679 1300 751 ad
1329 678 1502 752 similitu-

144 773 268 845 dinem
301 800 483 870 equorum
513 788 551 848 et
584 799 767 848 curruum
793 775 998 869 igneorum.
1600 829 1602 836 s

188 869 317 966 Longo
340 883 504 969 tempore
529 871 681 945 duravit
710 870 893 965 apparitio
914 870 1109 966 Raphaelis
1132 871 1271 970 angeli,
1297 895 1410 972 quem
1429 869 1501 942 Do-
1519 883 1589 936 rob.
1605 901 1638 954 9.

142 965 269 1036 minus
301 965 404 1039 misit
429 968 477 1039 ad
508 967 712 1042 curandam
739 967 879 1038 Seram.
1527 1039 1530 1046 ,

189 1061 328 1134 Multas
362 1063 550 1136 mirabiles
588 1062 753 1134 visiones
783 1059 923 1135 diversi
955 1062 1148 1157 prophetae
1174 1059 1363 1133 viderunt.
1393 1060 1508 1132 Isaiae
1562 1123 1566 1128 .
1697 1135 1703 1142 ,

141 1152 173 1225 6.
209 1156 372 1229 Hieram.
394 1185 433 1228 .1.
467 1157 523 1228 De
557 1156 665 1248 virga
696 1155 738 1226 vi
764 1155 892 1248 laute,
931 1169 968 1226 et
1000 1157 1046 1226 de
1078 1156 1151 1228 olla
1189 1179 1375 1226 succensa.
1407 1156 1504 1228 Item

140 1250 340 1321 Hieremiae
362 1253 419 1342 24.
441 1252 497 1322 De
519 1250 666 1322 duobus
695 1179 858 1320 Calbtbis
877 1248 1024 1321 ficubus
1042 1248 1175 1344 plenis·
1197 1249 1388 1341 Praecipue
1410 1273 1509 1320 vero·

140 1341 334 1436 Ezechiel,
344 1344 491 1436 Daniel,
504 1347 636 1437 Amos,
652 1343 847 1418 Zacharias
869 1343 972 1440 pleni
992 1357 1082 1418 sunt
1100 1343 1329 1440 imaginariis
1350 1341 1511 1416 visionu—

139 1440 231 1526 bus‚
258 1465 351 1534 quas
378 1443 587 1538 exprimere
611 1441 673 1512 lon
700 1465 766 1511 um
797 1453 903 1512 esset.

192 1535 351 1607 volente
377 1536 577 1610 Heliodoro
610 1465 767 1631 spoliare
799 1534 1006 1631 templum,
1033 1549 1071 1611 et
1108 1536 1274 1632 deposita
1299 1545 1507 1631 asportare,
1524 1567 1549 1604 α.
1568 1553 1657 1604 uach.
1675 1554 1709 1607 3.

140 1630 315 1726 apparuit
374 1632 501 1705 uidam
533 1659 674 1730 equus,
698 1629 902 1706 terribilem
929 1630 1072 1705 habens
1104 1657 1295 1706 sessorem.
1809 1625 1816 1642 ⁸

190 1725 287 1798 Cum
309 1657 650 1825 veliemenspugna
660 1739 757 1800 esset
778 1729 878 1800 inter
888 1727 1130 1802 Timotheum
1149 1741 1190 1800 et
1201 1727 1338 1800 Judam
1354 1725 1506 1798 Macha-
1524 1757 1550 1792 α.
1562 1739 1710 1792 machao.

137 1819 282 1914 baeum,
296 1836 550 1990 apparuerunt
565 1826 733 1922 quinque
751 1823 827 1896 viri
843 1823 886 1895 in
904 1824 1026 1919 equis,
1046 1823 1163 1898 frenis
1182 1826 1307 1898 aureis
1324 1822 1505 1914 decorati,

138 1915 320 1991 ducatum
366 1919 483 1993 udaeis
500 1932 735 2018 praestantes,
758 1943 778 1990 e
798 1919 938 2015 quibus
958 1918 1035 1993 duo
1059 1919 1316 1993 Machabaeum
1336 1919 1510 1992 medium·

136 2010 322 2088 habentes
352 2017 465 2088 armis
492 2017 570 2089 suis
595 2017 911 2110 circumseptum,
937 2015 1165 2088 ineolumem
1194 2015 1404 2090 servabant.

187 2111 333 2180 Euutes
355 2110 478 2182 Judaei
500 2111 547 2181 ad
564 2111 736 2206 praelium
759 2121 890 2180 contra
915 2116 1128 2181 exercitum
1156 2135 1335 2205 magnum
1361 2109 1646 2206 Ipsiaeruidems

136 2201 358 2302 Maebabaeo
373 2289 380 2301 ι
394 2201 505 2286 duce,
534 2207 706 2292 apparuit
733 2203 946 2296 praecedens
983 2227 1097 2298 eques
1127 2206 1170 2276 in
1195 2218 1300 2279 veste
1330 2205 1505 2294 candida,

135 2314 256 2362 armis
280 2313 402 2360 aure1s
428 2288 577 2360 hastam
599 2293 765 2362 vibrans.
1486 2314 1490 2322 ·

187 2382 354 2476 Angelus
381 2380 536 2453 Domini
563 2383 705 2475 legitur
728 2397 787 2453 ter
815 2385 1031 2475 apparuisse
1058 2386 1207 2480 Joseph.
1236 2389 1379 2459 Primo:
1411 2387 1718 2458 Cum-Mamaeam.

132 2473 237 2552 esset
260 2475 384 2548 adhuc
403 2477 588 2548 Dominus
619 2477 660 2548 in
687 2478 817 2548 matris
839 2485 968 2546 utero:
992 2478 1184 2550 Secundo:
1209 2479 1304 2552 Cum
1321 2484 1511 2554 natusest

132 2588 259 2650 utero.
289 2572 439 2644 Tertio:
467 2570 564 2644 Cum
590 2583 687 2644 esset
709 2572 750 2643 in
784 2574 956 2666 AEgyptu

190 2675 311 2768 Super
350 2667 556 2740 Dominum
593 2667 826 2762 baptizatum
862 2667 1023 2739 Siritus
1062 2682 1214 2743 sanctus
1241 2671 1281 2742 in
1323 2667 1506 2740 columbas
1528 2681 1628 2733 Manu
1650 2685 1687 2736 s..

131 2771 260 2864 specie
285 2765 392 2841 visus
422 2774 496 2859 est,
521 2776 677 2864 paterna
711 2787 794 2837 vox
821 2789 870 2836 au
896 2763 950 2834 ita
983 2777 1054 2838 est:
1082 2767 1153 2838 Hic
1185 2777 1240 2838 est
1269 2765 1382 2854 filius.
1399 2791 1508 2838 meus
1525 2781 1592 2832 cuc.
1612 2783 1640 2849 4.
1763 2816 1768 2832 t

130 2866 309 2939 dileclllss‘.

185 2963 284 3034 Item
312 2959 354 3032 iu
379 2956 725 3054 transfiguratione,
750 2969 1005 3053 apparuerunt
1028 2961 1178 3056 Moyses
1206 2970 1243 3030 et
1268 2957 1396 3032 Helias
1421 2980 1625 3032 cum-mut.
1650 3001 1702 3055 12a

128 3057 301 3132 Domino
327 3055 540 3150 loquentes,
571 3067 608 3127 et
633 3081 715 3128 vox
742 3055 788 3126 de
815 3055 909 3127 coelo
937 3051 1037 3127 sacta
1058 3067 1124 3126 est.
1418 3109 1423 3117 -
1525 3065 1591 3118 Luc·
1608 3086 1636 3138 9·

187 3156 415 3250 Resurgente
444 3147 608 3224 Domino
638 3152 729 3224 Jesu
752 3147 922 3243 Christo,
948 3148 1068 3222 multa
1093 3173 1247 3245 corpora
1274 3161 1507 3244 sanctorum,
1526 3175 1625 3228 Maru.
1643 3191 1698 3244 aq..

129 3249 210 3344 qui
242 3249 492 3334 dormierunt,
525 3259 833 3337 resurrexerunt,
867 3260 903 3320 et
937 3257 1120 3318 exeuntes
1158 3244 1204 3316 de
1233 3248 1513 3337 mon'umentisr

126 3361 329 3420 venerunt
357 3342 405 3414 ad
434 3354 601 3412 sanctam
635 3345 845 3434 civitatem,
875 3353 1204 3438 apparueruntque
1231 3342 1393 3413 multia

182 3441 350 3538 Surgens
379 3437 488 3508 Jesus
520 3457 630 3505 mane
656 3438 778 3529 prima
811 3439 1002 3528 sabbathi,
1022 3439 1200 3531 apparuit.
1222 3438 1346 3531 primo
1377 3435 1505 3508 Mariae
1525 3457 1616 3510 aram.
1636 3459 1697 3512 sm

123 3542 196 3609 Ma
224 3538 367 3610 delente
721 3583 725 3588 -
1545 3533 1547 3540 ’

179 3563 278 3708 Ιξοεῑ
295 3631 368 3702 hoc
386 3621 579 3719 discipulis
598 3621 762 3714 duobus,
783 3622 960 3695 euntibus
972 3624 1014 3698 in
1031 3623 1103 3695 via.
1112 3619 1340 3714 Novissime,
1356 3647 1509 3698 recum„
1521 3647 1586 3702 cuc.
1602 3651 1656 3717 24⁶.

122 3731 318 3802 bentibus
340 3721 518 3794 undecim
542 3717 735 3814 discipulis
757 3719 946 3814 apparuit,
969 3731 1007 3792 et
1032 3716 1276 3816 exprobravit
1304 3721 1511 3795 eis.inore-·

116 3825 337 3900 dulitatem
364 3843 504 3890 eorum
1049 3904 1054 3916 Ι
1236 3903 1237 3908 1
1427 3852 1430 3861 ·

176 3921 279 3991 Post
300 3914 510 4010 passionem
526 3935 633 3985 suam
651 3911 837 3984 Dominus
861 3910 884 3982 J
885 3935 970 3985 esus
985 3911 1149 4006 praebuit
1168 3913 1501 4008 seipsumriuum3
1518 3938 1612 3994 sator.
1633 3955 1670 3990 ι..

114 4019 166 4090 in
210 4011 346 4084 multis
379 4009 630 4105 argumentis,
660 4031 728 4103 per
758 4006 1006 4104 quadraginta
1031 4006 1110 4081 dies
1136 4034 1318 4104 apparens
1353 4011 1406 4084 eis
1419 4063 1441 4104 a
1462 4024 1509 4085 et·

114 4104 299 4206 loq'ueus
330 4105 375 4178 de
401 4131 516 4201 regno
541 4106 629 4177 Dei..
645 4105 823 4199 Sequitur
844 4104 886 4176 in
912 4103 1043 4176 eodem
1069 4105 1207 4201 eapite:
1240 4105 1411 4202 Cumque
1437 4107 1511 4184 luz*

111 4215 340 4310 ‚tuerentur
365 4202 408 4275 in
432 4201 592 4296 coelum,
616 4224 700 4272 ecce
724 4197 800 4274 duo
825 4199 902 4276 viri
929 4201 1130 4277 astiterunt
1155 4203 1268 4300 juxta
1289 4200 1396 4276 illos„
