4498 5462
710 337 794 438 152,
848 329 1111 416 TITULUS
1143 325 1355 415 LXXXII.
1399 323 1621 410 Judicium
1649 343 1906 413 extremum.

711 573 770 621 nae
778 537 952 646 ⁸religioni
957 579 974 624 s
985 555 1149 648 ingerere
1162 550 1442 635 detrimentum,
1456 543 1516 615 sed
1531 541 1871 652 dispersidiscipuli
1878 553 2064 648 evangeli.

711 647 1016 720 zabantVerbum
1025 650 1111 736 Dei,
1124 649 1177 719 ita
1188 645 1287 742 quod
1299 640 1626 736 hocipsoEcclesla
1638 635 1711 708 fun
1727 638 1887 732 amphus
1898 641 2063 723 dilatata.

517 759 607 814 Actor.
627 761 668 811 13.
760 743 1053 817 Prsedicantibus
1077 741 1192 816 Paulo
1215 755 1251 814 et
1269 737 1440 824 Bernaba
1459 734 1615 823 Judaeis,
1638 744 1675 803 et
1701 731 1775 841 illis
1798 737 2066 830 repellentibus

559 845 566 850 ’
711 837 879 910 Verbum
899 841 983 928 Dei,
999 847 1280 935 assumpserunt
1295 836 1367 930 ipsi
1382 833 1611 902 occasionem
1630 828 1808 922 gentibus.
1825 833 2066 925 praecticandi.

517 937 607 995 Actor.
629 941 673 997 15.
760 932 872 1006 Facta
888 948 943 1006 est
959 935 1140 1008 dissensio
1158 939 1256 1006 inter
1273 929 1430 1002 Paulum
1448 936 1484 995 et
1500 923 1705 996 Barnabam
1719 937 1870 1018 propter
1881 929 2065 1008 loannem

713 1033 900 1121 Marcum,
919 1057 1031 1126 quem
1043 1031 1182 1101 Paulus
1193 1027 1343 1108 nolebat
1358 1023 1536 1114 recipere,
1550 1044 1593 1089 eo
1604 1017 1703 1112 quod
1721 1017 1916 1096 defecisset
1931 1025 1976 1096 ab
1991 1031 2063 1122 eis;

712 1125 900 1197 Barnabas
917 1138 1039 1196 autem
1060 1125 1209 1200 volebat
1220 1122 1327 1193 illum
1347 1139 1472 1188 secum
1487 1138 1695 1204 assumere,
1707 1115 1760 1186 ita
1778 1116 1880 1208 quod
1899 1120 1946 1190 ab
1959 1121 2064 1198 invi-

713 1245 792 1292 cem
809 1221 1075 1310 discesserunt,
1098 1243 1149 1288 ex
1166 1240 1242 1311 quo
1258 1214 1457 1288 videbatur
1473 1206 1686 1279 scandalum
1707 1207 1840 1281 debere
1857 1215 1972 1308 sequi.
1992 1219 2062 1290 Sed

713 1316 932 1410 disponente
956 1315 1055 1405 Deo,
1074 1337 1231 1406 magnus
1248 1323 1396 1383 secutus
1413 1313 1469 1379 est
1488 1299 1659 1396 fructus,
1680 1304 1770 1398 quia
1786 1305 1960 1401 pluribus
1974 1337 2063 1406 prse-

662 1463 665 1470 ,
713 1410 881 1482 dicatum.
901 1421 956 1480 est
974 1408 1140 1480 Verbum
1157 1408 1235 1478 Dei.

763 1504 927 1576 Grandia
938 1503 1103 1576 facinora
1115 1502 1396 1576 committebant
1406 1499 1479 1587 illi,
1494 1495 1562 1591 qui
1572 1496 1756 1590 egregium
1767 1494 1954 1571 doctorem
1966 1501 2068 1576 Pau-

712 1602 792 1673 lum
805 1601 1082 1676 incarcerabant
1094 1613 1130 1673 et
1142 1625 1163 1669 a
1175 1598 1434 1693 praedicatione
1449 1595 1574 1687 ipsum
1584 1615 1722 1700 cessare
1741 1592 1941 1702 cogebant:
1959 1610 2066 1691 pote-

712 1709 772 1768 rat
782 1696 895 1770 etiam
912 1695 1041 1768 multis
1059 1696 1202 1786 videri,
1221 1693 1322 1791 quod
1334 1693 1406 1764 hoc
1424 1711 1601 1782 magnum
1620 1711 1885 1768 inconvemens
1905 1703 2006 1781 erat,
2026 1707 2065 1767 et

713 1791 813 1885 quod
838 1791 938 1862 Deus
954 1791 1026 1862 hoc
1047 1794 1260 1886 permittere
1281 1815 1359 1862 non
1379 1787 1544 1859 debebat.
1563 1785 1611 1854 Et
1632 1793 1757 1853 tamen
1777 1781 1989 1858 notandum
2007 1801 2065 1860 est

713 1885 841 1978 valde,
857 1886 957 1981 quod
975 1908 1024 1958 ex
1035 1890 1149 1960 tantis
1166 1883 1463 1982 impedimentis,
1480 1891 1516 1952 et
1527 1876 1672 1986 damnis
1688 1875 1820 1984 divina
1830 1881 2065 1991 providentia

714 1982 853 2054 multas
874 1982 1055 2054 utilitates
1070 1982 1232 2057 ostendit
1248 1994 1285 2054 et
1307 1979 1436 2052 effecit.
1455 1975 1550 2048 Nam
1565 1967 1653 2045 inde
1670 1984 1848 2044 mentum
1861 1974 1964 2047 Pauli
1983 2003 2065 2051 cre-

711 2077 795 2169 rit,
813 2079 865 2149 sic
885 2077 995 2148 etiam
1006 2081 1154 2172 'majora
1171 2081 1357 2154 virtutum
1371 2072 1542 2168 exempla
1552 2069 1726 2178 reliquit,
1742 2079 1780 2140 et
1791 2069 1923 2142 melius
1936 2069 2064 2148 docuit

713 2197 782 2268 per
802 2197 913 2268 opera
929 2198 1041 2267 quam
1064 2177 1169 2269 prius
1188 2173 1335 2245 fecisset
1353 2171 1418 2268 per
1431 2168 1556 2243 verba.
1578 2164 1692 2255 Puta,
1707 2189 1750 2236 m
1769 2189 1953 2276 carcerem
1963 2172 2065 2331 posi-

713 2279 776 2340 tus
804 2269 951 2363 scripsit
972 2270 1247 2342 absentibus'et
1270 2268 1448 2355 remotis,
1471 2287 1541 2334 nec
1557 2270 1705 2332 tantum
1729 2260 1870 2358 profuit
1890 2265 1962 2332 Ecc
1977 2265 2064 2337 esiae

712 2363 972 2474 praedicande,
1001 2379 1185 2460 quantum
1213 2365 1355 2461 profuit
1379 2359 1551 2467 epistolas
1572 2353 1868 2463 transmittendo.
1896 2357 2005 2429 Unde
2026 2361 2063 2434 si

711 2482 754 2530 1n
777 2485 855 2526 una
870 2460 1046 2545 civitate,
1066 2462 1128 2526 vel
1147 2460 1339 2548 provincia
1357 2453 1490 2526 fuisset
1516 2452 1562 2522 ab
1584 2449 1760 2521 omnibus
1785 2449 2010 2546 honoratus,
2026 2467 2066 2528 et

615 2586 623 2604 ·
712 2545 873 2619 libenter
902 2546 1073 2639 auditus,
1096 2573 1174 2620 non
1200 2547 1392 2624 habuisset
1419 2549 1627 2620 occasiones
1646 2543 1693 2615 ad
1715 2544 1884 2620 diversos
1909 2551 2068 2644 populos

534 2715 540 2726 „
713 2641 944 2713 transeundi.
966 2641 1125 2731 Quando
1156 2669 1241 2740 ergo
1267 2643 1585 2742 persequebantur
1613 2667 1699 2714 eum
1721 2641 1864 2732 Judaei,
1897 2645 1958 2716 vel
1977 2647 2066 2740 qui-

595 2737 598 2746 ’
714 2758 865 2832 cunque
881 2736 965 2829 alii,
981 2738 1026 2810 de
1045 2740 1196 2812 civitate
1208 2741 1252 2813 in
1266 2744 1456 2816 civitatem
1468 2738 1635 2810 Verbum
1649 2737 1719 2809 Dei
1735 2737 1903 2832 pluribus
1923 2739 2063 2832 praedi-

666 2866 668 2870 ·
715 2831 830 2902 cabat.
854 2831 1014 2918 Quando
1033 2835 1073 2904 in
1103 2857 1246 2908 carcere
1274 2838 1493 2925 tenebatur,
1514 2833 1689 2928 epistolas
1706 2831 1867 2904 faciebat.
1894 2833 2062 2922 Quando

714 2925 935 2998 resistebant
952 2928 985 3000 ei
1005 2928 1143 3022 Judaei,
1160 2931 1206 3003 ad
1225 2945 1361 3028 gentes
1373 2928 1678 3023 convertebatur,
1693 2941 1733 3000 ut
1747 2929 1868 3002 Actor.
1885 2928 1938 3000 13.
1950 2931 2063 3021 Quo-

714 3025 816 3094 niam
839 3023 1015 3116 repellitis
1035 3037 1102 3096 etc.
1123 3051 1205 3098 ecce
1224 3030 1479 3102 convertimur
1500 3024 1546 3097 ad
1569 3041 1707 3120 gentes.

762 3118 904 3198 Rursus
927 3120 1060 3210 etiam,
1079 3124 1167 3217 quia
1182 3126 1224 3195 in
1244 3125 1353 3222 Syria
1369 3123 1527 3195 Felicem
1546 3135 1583 3194 et
1603 3123 1755 3196 Festum
1774 3119 2065 3220 judiceshabuit

711 3212 884 3309 iniquos,
910 3216 1123 3311 compulsus
1138 3233 1193 3290 est
1211 3219 1392 3292 Caesarem
1408 3215 1611 3313 appellare,
1628 3219 1755 3313 sicque
1772 3221 1923 3291 Romam
1934 3219 2063 3310 venit,

712 3333 826 3403 quam
867 3334 935 3381 sua
963 3311 1223 3408 praedicatione
1257 3327 1294 3388 et
1317 3315 1490 3390 doctrina
1523 3307 1721 3390 salubriter
1760 3314 1984 3408 illustravit,
2020 3325 2064 3392 ct

605 3447 638 3488 ,.=
711 3405 881 3503 passione
899 3405 1056 3482 feliciter
1074 3407 1277 3485 decoravit„
1368 3507 1401 3576 ff

720 3893 724 3902 A
981 3858 1014 3910 .‘
1133 3789 1348 3876 Judaeum
1385 3812 1630 3881 extremam.
1811 3785 1813 3792 ⁸

709 3899 855 4054 Adam
871 3986 914 4078 et⁸
929 3977 1031 4067 Eva,
1054 4005 1139 4053 cum
1159 3937 1664 4078 audiss'e'ntsdocdirilloinini
1683 3965 1758 4082 'Dei
1782 3967 2066 4064 deambulantis

600 4121 612 4148 ..-
707 4073 750 4144 in
773 4051 966 4164 paradiso,
992 4075 1265 4166 absconderunt
1291 4104 1329 4150 se
1355 4103 1376 4150 a
1401 4079 1494 4152 facie
1519 4081 1671 4154 Domini
1694 4083 1772 4154 Dei.
1798 4085 2071 4180 ¹Interrogatus

707 4179 831 4242 autem
848 4166 984 4259 Adam,
1002 4171 1070 4256 ubi
1087 4185 1202 4264 esset,
1218 4174 1571 4269 respondit:uocen1
1589 4189 1693 4250 tuam
1712 4177 1863 4270 audivi,
1879 4189 1914 4248 et
1929 4181 2069 4254 timui.

707 4263 898 4354 Quantum
922 4264 1109 4339 timebunt
1131 4282 1340 4363 peccatores
1351 4325 1362 4362 ,
1381 4271 1413 4342 si
1432 4273 1583 4344 audient
1608 4275 1827 4370 vocernuDei
1851 4275 1875 4346 J
1878 4271 2077 4374 udicis2a

706 4359 814 4456 cujus
840 4371 965 4434 tamen
986 4360 1080 4438 facie
1106 4389 1145 4437 se
1167 4390 1246 4440 non
1265 4377 1443 4464 poterunt
1467 4365 1706 4444 abscondere,
