4498 5462
624 229 628 238 ι
753 312 829 400 138
972 295 1235 390 TITULUS
1260 289 1460 381 LXXIV.
1491 289 1726 373 inimicitia
1750 281 2003 370 etodium.

1113 545 1441 636 TITULUS
1495 539 1784 626 LXXIV..

1228 723 1457 808 Inrmicitr'a
1480 736 1525 802 et
1544 716 1706 800 odium..

563 957 631 1008 cen.
644 951 670 1004 3.
702 971 705 978 ·
757 867 873 996 Post
894 927 1087 1016 peccatum
1107 915 1315 1012 primorum
1331 923 1527 1009 parentum
1542 963 1552 1000 ‚
1570 905 1694 980 statim
1713 902 1839 998 posuit
1857 901 1972 974 Deus
2001 903 2117 976 inimi·

760 1021 865 1100 citias
881 1019 980 1090 inter
997 1022 1204 1108 serpentem
1231 1022 1267 1082 et
1289 1008 1504 1094 mulierem,
1525 1015 1563 1074 et
1583 1004 1683 1074 inter
1707 999 1909 1092 utriusque
1933 1023 2066 1069 semen.

564 1145 632 1196 cen.
656 1139 698 1189 aa.
742 1171 744 1179 ,
810 1110 936 1202 Rixati
952 1119 1042 1180 sunt
1059 1117 1223 1203 pastores
1243 1103 1289 1176 de
1306 1105 1443 1176 Gerare
1457 1099 1639 1174 adversus
1654 1104 1819 1191 pastores
1835 1095 1941 1164 Isaac
1965 1121 2033 1189 pro
2052 1119 2110 1190 pu·

761 1219 843 1297 teo,
859 1229 971 1302 quem
988 1201 1174 1275 foderunt.
1191 1199 1333 1272 Idcirco
1348 1196 1548 1294 appellavit
1570 1195 1670 1265 Isaac
1698 1201 1856 1286 puteum
1874 1189 2088 1262 inimicitiae.

567 1325 634 1378 cen.
655 1336 696 1388 ²7·
811 1303 948 1376 Oderat
968 1323 1112 1394 semper
1126 1297 1226 1368 Esau
1253 1295 1366 1368 Jacob
1392 1319 1460 1389 pro
1477 1287 1756 1378 benedictione,
1775 1283 1853 1404 <puri
1871 1285 2110 1358 benedixerat

764 1401 798 1472 ei
809 1411 912 1496 pater
927 1451 937 1486 ‚
953 1393 1126 1488 dixitque
1141 1393 1183 1463 in
1199 1391 1308 1465 corde
1325 1415 1394 1463 suo
1406 1413 1413 1456 :
1425 1387 1589 1460 Venient
1607 1381 1685 1456 dies
1699 1379 1825 1454 luctus
1839 1380 1949 1476 patris
1969 1382 2061 1472 mei,
2072 1393 2109 1449 et

766 1493 930 1567 occidam
949 1490 1062 1560 Jacob
1084 1486 1238 1560 fratrem
1261 1510 1397 1560 meum.

572 1611 640 1663 cen.
655 1606 697 1672 34.
715 1667 721 1678 g
814 1588 923 1661 Dixit
942 1584 1055 1656 Jacob
1072 1583 1218 1656 Simeon
1235 1594 1272 1654 et
1289 1581 1401 1654 Levi:
1418 1576 1616 1650 Turbistis
1633 1599 1692 1645 me
1705 1626 1715 1664 ‚
1730 1587 1769 1647 et
1786 1572 1933 1646 odiosum
1952 1565 2097 1638 fecistis

770 1681 1013 1770 Chananaeis‚
1032 1692 1069 1751 et
1090 1677 1297 1750 Pherezaeis
1315 1673 1587 1748 habitatoribus
1608 1681 1728 1741 terrae.

575 1794 642 1846 can.
666 1787 707 1855 ³5·
820 1776 999 1847 Videntes
1021 1773 1154 1844 fratres
1174 1770 1334 1866 loseph,
1355 1767 1455 1864 quod
1476 1768 1618 1862 apatre
1641 1763 1727 1860 plus
1747 1760 1886 1832 cunctis
1906 1770 2102 1848 amaretur,
2155 1837 2156 1840 ,

743 1953 747 1960 ,
773 1866 928 1944 oderant
944 1891 1051 1955 eum,
1074 1889 1143 1936 uec
1164 1877 1336 1960 poterant
1354 1863 1388 1936 ei
1404 1863 1470 1958 qui
1545 1887 1606 1932 am
1626 1858 1778 1955 pacifice
1794 1854 1909 1950 loqui.

576 1974 659 2030 Exod-
682 1990 704 2022 ¹·
824 1961 988 2036 Oderant
1002 1961 1099 2034 filios
1116 1959 1228 2032 lsrael
1249 1962 1313 2056 AEg
1345 1961 1414 2056 pti,
1429 1887 1692 2051 etiailligebant
1709 1950 1907 2027 illudentes
1923 1948 1995 2040 eis,
2009 1962 2099 2044 atquc

774 2059 820 2134 ad
837 2055 1123 2132 amaritudinem
1150 1987 1404 2150 producebant
1423 2055 1543 2128 vitam
1565 2075 1705 2124 eorum.

447 2197 466 2228 a
581 2163 659 2216 uum.
676 2157 717 2212 2⁵·
823 2152 1135 2228 Dixit‘Dominus
1157 2149 1203 2222 ad
1223 2151 1546 2248 Moysen2Hostes
1560 2172 1630 2222 vos
1653 2144 1879 2220 sententiam
1901 2141 2101 2228 Madiama,

699 2323 703 2332 ,
777 2265 813 2324 et
834 2249 1016 2346 percutite
1037 2246 1143 2337 illos,
1164 2248 1254 2341 qaia
1272 2259 1309 2318 et
1331 2243 1617 2344 ipsi.hostiliter
1643 2251 1798 2338 egerunt
1825 2249 2046 2329 concavos,
2068 2246 2097 2307 et

591 2399 592 2404 κ
777 2372 858 2421 rece
905 2356 996 2416 runt
1011 2340 1158 2415 insidiis
1180 2367 1246 2438 per
1260 2341 1404 2416 idolum
1424 2339 1581 2434 Phegor.

583 2449 659 2500 rosus
683 2465 724 2500 ¹⁰·
827 2444 857 2513 A
885 2437 1084 2513 onisedeclr
1104 2461 1175 2510 rex
1196 2437 1421 2530 Jerusalem,
1443 2448 1481 2507 et
1502 2445 1665 2530 quatuor
1687 2431 1751 2504 alii
1777 2455 1884 2526 reges
1911 2429 2100 2504 obsederunt

780 2538 952 2622 Gabaon,
964 2545 1008 2605 nt
1024 2542 1284 2624 expugnarent
1300 2555 1398 2622 esur,
1413 2555 1480 2625 pro
1499 2555 1558 2620 ec,
1573 2527 1677 2640 quod
1693 2527 1971 2622 transfugerant
1985 2527 2099 2598 Gabao

781 2633 871 2701 nirae
894 2627 941 2695 ad
956 2628 1069 2696 Josue
1091 2635 1128 2695 et
1154 2622 1200 2694 ad
1221 2623 1318 2698 filios
1334 2625 1463 2718 lsrael,
1481 2639 1518 2698 et
1539 2625 1702 2698 inrorant
1723 2621 1848 2696 foedus
1871 2625 2028 2697 cumeis.

586 2733 673 2786 nure.
693 2747 731 2782 ¹¹·
829 2720 1083 2794 Perrexeruirt
1102 2721 1261 2812 majores
1278 2735 1370 2794 natu
1394 2721 1440 2792 de
1464 2722 1589 2792 &baa
1614 2718 1797 2815 Jephthe,
1821 2717 1977 2792 dicentes
1997 2743 2003 2785 :
2026 2719 2098 2790 Esto

781 2820 954 2914 primeps
969 2825 1105 2886 noster.
1118 2814 1343 2902 Quibusille
1357 2815 1548 2908 respondit
1560 2841 1567 2883 :
1581 2815 1713 2886 Nonne
1728 2839 1799 2889 vos
1813 2816 1905 2903 estis,
1917 2814 1979 2906 qui
1986 2811 2097 2882 odam

783 2937 860 3004 me,
884 2921 921 2982 et
937 2907 982 2981 de
998 2907 1109 2978 domo
1124 2910 1241 3004 patris
1258 2909 1333 2979 mei
1352 2908 1536 3004 dejecistis
1555 2907 1643 2982 mel
1662 2921 1700 2984 et
1721 2933 1827 2984 nunc
1843 2906 1961 2984 resins
1978 2903 2018 2974 ad
2037 2923 2089 2972 me

783 3005 825 3078 in
844 3001 1089 3077 necessitate?

590 3121 676 3174 auare.
694 3121 734 3184 14.
832 3098 1029 3204 Fundebat
1063 3093 1165 3191 apud
1194 3098 1348 3170 Samson
1390 3099 1511 3172 Dalila
1537 3101 1722 3201 lacrymas
1755 3091 1799 3176 'et
1840 3096 2101 3198 conquerebanu

785 3195 912 3264 dicens
931 3189 1082 3359 :thdrsti
1102 3217 1175 3284 me,
1189 3206 1226 3266 et
1241 3219 1320 3266 non
1342 3193 1475 3292 diligis.
1499 3196 1640 3272 Idcirco
1661 3199 1852 3294 problema
1869 3187 2103 3271 nousisindi-

758 3313 868 3360 =care
892 3311 929 3360 m
976 3311 998 3357 ι.
1228 3331 1233 3343 ·

593 3425 612 3458 1·
638 3408 701 3475 aeg.
728 3405 768 3456 ιε.
835 3381 977 3454 Videns
995 3381 1105 3474 Saul,
1121 3384 1398 3481 quodpopulus
1414 3386 1487 3459 alte
1507 3387 1552 3459 de
1569 3389 1690 3464 David
1708 3391 1890 3462 sentiebat
1901 3444 1912 3480 ,
1923 3400 1962 3460 et
1983 3379 2106 3484 quadiu

788 3477 964 3552 omnibus
993 3477 1199 3572 prudenter
1219 3493 1255 3553 et
1280 3493 1432 3554 strenue
1463 3507 1501 3556 se
1526 3484 1709 3579 habebat,
1731 3483 1853 3558 sactus
1881 3497 1939 3558 est
1964 3479 2107 3562 inim'lffli

789 3578 870 3672 ejus
890 3574 1035 3646 cunctis
1061 3572 1204 3648 diebus.
1758 3603 1763 3610 ·
1858 3597 1862 3606 ·

596 3707 620 3740 2.
643 3691 704 3758 neg.
728 3690 755 3756 a.
836 3670 921 3742 Duo
939 3669 1102 3746 latrones
1119 3673 1185 3766 qui
1197 3671 1408 3746 occiderant
1422 3675 1614 3766 Isboseth,
1629 3673 1810 3748 dixerunt
1829 3677 1876 3748 ad
1896 3673 2111 3752 Davidztca

494 3831 500 3840 ,
712 3817 718 3830 .
757 3844 759 3850 ¹
791 3777 902 3859 caput
923 3763 992 3836 filii
1013 3763 1099 3836 Saul
1115 3767 1259 3839 inimici
1274 3767 1429 3862 tui,sed
1449 3770 1545 3841 male
1563 3769 1719 3842 suerunt
1742 3771 1969 3868 stipendiati„

596 3892 621 3928 α.
640 3879 702 3944 neg.
722 3877 747 3928 a.
840 3857 937 3958 Thpi
961 3885 1032 3932 rex
1052 3859 1213 3934 Hemath
1228 3863 1402 3956 audiens,
1445 3865 1521 3938 uod
1541 3865 1663 3938 David
1682 3851 1937 3964 expugnasset
1955 3862 2117 3938 Adaderer

792 3953 938 4026 hostem
956 3979 1065 4027 suum
1080 4010 1090 4048 ‚
1105 3956 1208 4028 misit
1224 3957 1282 4030 -ad
1312 3985 1396 4032 eum
1418 3891 1538 4034 ilium
1561 3985 1673 4034 snum
1686 4017 1696 4054 ‚
1711 3974 1748 4036 et
1763 3962 1898 4057 gratias
1928 3965 2009 4058 egit
2024 3961 2063 4032 ai.

598 4067 624 4104 ²·
638 4055 701 4119 aeg.
721 4055 761 4107 ¹³·
839 4051 1041 4146 Postquam
1068 4053 1217 4124 Amnon
1242 4052 1344 4130 filius
1371 4054 1493 4128 David
1529 4069 1759 4152 oppresserat
1785 4057 1951 4130 Thamar
1990 4065 2118 4131 scrutm

794 4143 976 4234 Absalon,
995 4169 1149 4218 exosam
1170 4171 1251 4220 eam
1282 4148 1416 4224 habuit
1440 4149 1525 4223 odio
1551 4153 1848 4248 magnanimis,
1877 4153 1932 4226 ita
1959 4167 2011 4228 ut
2028 4145 2122 4236 naltffi
2157 4183 2158 4238 r

794 4250 889 4312 esset
907 4238 1056 4333 odium,
1073 4265 1149 4336 quo
1168 4241 1294 4316 oderat
1320 4269 1399 4318 earn
1411 4271 1588 4340 ‚amore,
1631 4273 1680 4322 uo
1698 4261 1784 4322 ante
1809 4247 2009 4322 dilexerat.
2157 4239 2158 4258 ¹

592 4339 629 4444 ‚³-
645 4342 708 4410 aeg.
732 4359 772 4399 1¹·
838 4335 931 4432 Tres
952 4333 1182 4414 aduersarios
1200 4339 1394 4423 suscitarit
1411 4343 1596 4449 Dominus
1604 4273 2127 4444 (ialomonigpostquamaebeo
