4464 5464
875 220 916 282 ἢ.

597 427 599 438 ’
683 497 693 519 ·
761 455 841 558 242
904 444 1020 534 ΉΤ.
1051 439 1226 532 CXXX.
1273 438 1595 550 Perseversntta
1628 455 1673 522 er
1712 435 1991 544 eonnantia.
2034 460 2120 546 ete.

1463 581 2121 616 ---------—-·—--....q

565 731 593 769 ι.
610 713 728 782 nepas.
768 775 769 781 γ
811 681 1099 758 Perseveranter
1129 678 1204 775 egit
1236 675 1330 752 Joab
1355 678 1398 754 in
1429 671 1622 750 obsidione
1650 670 1985 770 Rabbath‚.donee
2013 698 2127 784 oapta

763 778 840 856 fuit
874 780 1017 856 civitas.
1473 795 1478 801 '

411 867 415 880 ’
511 935 536 988 9
565 925 591 966 2,
608 912 671 982 neg.
687 907 727 962 ,8,
811 879 903 950 Item
931 879 972 951 in
995 875 1123 972 praelio
1146 885 1277 951 eontra
1306 871 1481 946 Absalon.

566 1027 594 1066 α.
610 1013 674 1080 neg.
687 1019 731 1062 so.
810 975 860 1048 Et
885 985 1014 1048 contra
1036 974 1166 1046 Sebam
1189 970 1307 1044 lilium
1333 967 1493 1058 Bnehri,
1511 965 1553 1038 in
1575 961 1777 1038 ‘obsidione
1802 966 1974 1043 civitatis
1997 972 2123 1053 Abelrn
2218 991 2219 1002 ³

567 1101 745 1172 „mm
812 1069 996 1159 Qnamvis
1011 1068 1181 1142 Netimias
1193 1069 1234 1140 in
1246 1063 1466 1140 aedificando
1480 1062 1599 1136 multa
1610 1087 1741 1158 passus
1748 1059 1827 1170 ¹fnit
1838 1063 2128 1170 impedimenta,
2218 1133 2219 1142 ,

748 1178 982 1241 nontamen
1004 1167 1164 1244 cessavit
1185 1165 1232 1236 ab
1249 1187 1384 1260 opere,
1406 1159 1524 1233 donec
1545 1184 1680 1234 murus
1700 1155 1776 1231 sust
1793 1160 1962 1236 totaliter
1983 1170 2123 1242 eonsti-

658 1323 669 1342 .
763 1274 883 1338 tutus.
2218 1265 2219 1276 ’

569 1379 639 1434 τοι».
654 1394 681 1434 2.
813 1359 909 1434 Cum
933 1357 1069 1433 Tobias
1095 1381 1241 1456 semper
1262 1355 1310 1428 ab
1331 1347 1493 1428 infantia
1524 1376 1592 1426 sna
1616 1351 1787 1424 timuerit
1812 1352 1962 1448 Deum,
1977 1383 2055 1433 non
2074 1371 2127 1435 est

543 1454 546 1460 ’
764 1457 1006 1529 contristatus
1027 1467 1158 1528 contra
1179 1453 1407 1546 Dominum,
1428 1447 1529 1546 quod
1554 1447 1660 1544 plaga
1683 1447 1866 1523 coecitatis
1887 1457 2055 1529 everterit
2075 1456 2126 1550 ei,
2218 1515 2219 1542 p

765 1551 829 1624 sed
856 1550 1058 1624 immobilis
1083 1551 1126 1624 in
1151 1550 1222 1624 Dei
1250 1547 1384 1623 timore
1409 1545 1627 1642 permansit.

567 1665 673 1720 tutin.
691 1665 718 1735 4.
812 1645 998 1721 Eliachim
1018 1641 1186 1719 sacerdos
1205 1669 1364 1756 magnus
1382 1643 1566 1716 allocutus
1582 1653 1638 1714 est
1662 1665 1810 1714 omnem
1823 1643 1931 1714 lsrael
1941 1697 1952 1734 ,
1967 1641 2121 1720 dicens:

765 1743 923 1834 Scitote,
941 1742 1120 1838 quoniam
1143 1741 1342 1815 exaudivit
1357 1741 1542 1813 Dominus
1558 1761 1686 1832 preces
1701 1749 1863 1826 nostras,
1877 1738 1908 1810 si
1924 1753 2116 1816 manentes

552 1921 558 1936 ,
764 1837 1044 1936 permanseritis
1073 1837 1116 1910 in
1141 1836 1297 1936 jejuniis
1324 1848 1363 1908 et
1388 1833 1621 1908 orationibus
1649 1837 1690 1906 in
1724 1847 1924 1930 conspectu
1950 1833 2025 1906 Dei
2054 1851 2120 1910 etc.

568 1943 644 2002 nst.
661 1942 690 2016 4.
703 1943 731 2002 5·
814 1933 914 2006 Scire
940 1930 1141 2028 cupiebant
1156 1933 1290 2006 famuli
1305 1933 1400 2028 regis
1423 1928 1574 2004 Assnen‘
1587 1985 1597 2022 ,
1612 1941 1743 2004 utrum
1765 1929 2024 2006 Mardochaeus
2046 1959 2121 2028 per·

767 2041 953 2104 severaret
975 2030 1016 2101 in
1043 2029 1228 2102 sententia
1249 2029 1296 2100 de
1319 2053 1399 2102 non
1413 2023 1603 2098 adorando
1618 2029 1738 2100 Amen
1762 2051 1770 2096 :
1794 2028 1863 2124 qui
1885 2031 1939 2102 ita
1961 2043 2122 2102 musun-

765 2137 826 2200 ter
851 2125 1014 2222 perstitit
1039 2123 1083 2198 iu
1110 2125 1322 2222 proposito,
1341 2137 1387 2198 ut
1418 2147 1498 2198 non
1531 2123 1652 2198 solum
1668 2123 1822 2198 adorare
1847 2125 2037 2221 noluerit,
2064 2123 2121 2200 ssd

766 2246 837 2296 nec
860 2225 895 2295 ei
920 2246 1110 2316 assurgere
1137 2222 1360 2294 transeunti.

569 2343 641 2396 nus.
656 2343 683 2396 3.
782 2365 793 2406 .
816 2317 1089 2392 SociiDanielis
1101 2315 1316 2392 constanter
1326 2318 1508 2392 dixerunt
1527 2315 1978 2416 regiBobyloniszNotum
1989 2323 2037 2393 sit
2050 2321 2125 2414 tibi,

767 2417 856 2492 rex!
871 2413 971 2512 quod
989 2417 1087 2490 Deos
1098 2425 1185 2489 tuos
1196 2439 1275 2488 non
1294 2415 1465 2500 colimus,
1476 2425 1512 2488 et
1529 2425 1688 2486 statuam
1702 2429 1805 2488 tuam
1819 2443 1892 2490 non
1916 2417 2123 2490 adoramus.

569 2529 641 2586 nan.
656 2529 685 2584 e
816 2509 902 2584 Non
939 2510 1083 2585 dimisit
1110 2511 1257 2585 Danieli
1292 2523 1443 2610 propter
1476 2509 1624 2584 crudele
1656 2511 1844 2587 decretum
1887 2515 2015 2606 Darii,
2036 2513 2125 2610 quin

767 2619 892 2681 oraret
918 2608 959 2680 in
986 2608 1068 2704 die,
1087 2613 1184 2681 siout
1207 2621 1294 2681 ante
1321 2619 1587 2700 consueverat,
1604 2609 1804 2682 Dominum
1833 2637 1958 2684 suum.

560 2725 642 2802 ,nan
662 2724 704 2779 1³.
819 2702 1043 2778 constanter
1069 2707 1208 2782 restitit
1237 2705 1408 2778 Susanna
1432 2703 1581 2777 duobus
1607 2707 1831 2805 presbyteris
1858 2709 2039 2800 senibus,
2062 2704 2125 2805 qni

772 2821 853 2872 eam
880 2810 956 2870 tam
983 2800 1199 2874 vehementi
1221 2801 1431 2896 pulsatione
1457 2800 1660 2874 tentabant.
1747 2881 1748 2884 Ἴ
2217 2887 2218 2898 ¹

574 2934 598 2968 a.
617 2917 708 2970 uasa.
729 2934 755 2970 s.
819 2893 928 2964 Multi
947 2895 993 2964 de
1008 2897 1146 2989 populo
1162 2897 1275 2967 lsrael
1286 2896 1519 2972 diffiniemn't
1533 2897 1626 2995 apud
1637 2921 1691 2988 se,
1702 2905 1744 2967 nt
1760 2909 1832 2966 non
1845 2893 2126 2970 manducarent
2217 2925 2218 2958 1

769 2985 984 3095 immunda,
995 2999 1033 3059 et
1054 2989 1246 3084 elegerunt
1264 2993 1380 3088 magis
1396 2992 1511 3084 mori,
1526 3019 1630 3102 qnam
1647 2991 1877 3088 ooinquinari
1893 2991 2127 3064 immundis.

575 3122 602 3160 s.
619 3091 713 3159 Μ
725 3106 755 3160 6.
819 3083 951 3154 Miram
969 3086 1217 3160 constantiam
1234 3100 1272 3160 et
1293 3102 1605 3185 perseverantiam
1614 3089 1749 3162 habuit
1765 3087 1969 3159 Eleazarus
1983 3089 2030 3160 in
2050 3101 2127 3160 tor

450 3185 453 3192 “
768 3178 908 3250 mentis
925 3191 986 3272 ,et
1010 3183 1127 3278 magis
1158 3181 1265 3280 elegit
1280 3185 1512 3296 'gravissimi
1540 3197 1659 3260 morte
1686 3185 1834 3284 puniri,
1851 3207 1967 3278 quam
1996 3196 2125 3256 contra

768 3269 886 3367 legem
913 3299 1042 3350 carnes
1071 3277 1179 3352 edere
1204 3307 1395 3378 porcinas,
1409 3281 1472 3358 vel
1501 3283 1676 3357 simulare
1704 3309 1742 3355 se
1769 3278 1982 3354 comedisse.

573 3401 599 3441 2.
613 3385 740 3460 Machq.
816 3369 962 3465 Septem
989 3368 1045 3446 illi
1070 3373 1204 3468 fratres
1235 3401 1320 3450 cum
1348 3381 1411 3475 pia
1437 3391 1651 3452 matresua
1675 3379 1771 3450 bene
1794 3385 2126 3474 perseveraverunt

766 3489 888 3561 usque
915 3467 957 3540 in
975 3467 1111 3564 finem,
1130 3499 1199 3546 nec
1223 3487 1393 3571 poterant
1423 3474 1470 3547 ad
1498 3475 1843 3574 praevaricationem
1869 3470 1958 3565 legis
1989 3469 2126 3542 adduci

767 3559 980 3659 blanditiis,
997 3580 1064 3640 aut
1087 3573 1296 3644 tormentis.
1683 3603 1687 3608 ·

450 3703 453 3712 ι
570 3663 637 3719 tue.
660 3681 684 3720 r·
815 3655 1091 3737 Firmissimum
1112 3661 1340 3762 virginitatis
1364 3665 1595 3764 propositum
1622 3665 1757 3740 habuit
1781 3666 1888 3738 beata
1915 3665 2029 3738 Maria
2051 3664 2128 3738 vin

767 3773 836 3850 go,
879 3779 938 3828 uoe
956 3761 1077 3832 noluit
1103 3767 1312 3837 eonsentire
1340 3767 1379 3836 in
1408 3766 1649 3862 conceptione
1672 3765 1763 3846 tini,
1782 3763 1900 3834 donec
1922 3759 2127 3852 intellexit,

767 3874 821 3944 qu
898 3851 971 3942 hoc
996 3854 1101 3930 fieret
1129 3885 1205 3932 non
1236 3885 1345 3957 opere
1371 3862 1548 3950 viri,sed
1585 3863 1726 3936 virtute
1756 3859 1915 3952 Spiritus
1947 3857 2078 3931 saneti.

570 3957 638 4014 tue.
655 3953 698 4026 ¹l·
815 3945 927 4054 l'onit
951 3951 1134 4028 Dominus
1157 3957 1370 4052 exemplum
1398 3957 1444 4031 de
1465 3957 1530 4030 illo
1557 3957 1711 4029 hennino
1737 3957 1783 4027 ab
1808 3955 1891 4026 aliis
1919 3951 2130 4046 illudendo,

621 4060 624 4066 “
659 4119 663 4128 ,
767 4063 833 4137 qm
862 4045 1001 4140 incepit
1026 4051 1161 4122 turrim
1189 4053 1395 4146 aedificare,
1416 4077 1486 4128 neo
1521 4055 1644 4152 potnit
1674 4075 1948 4124 consummare.

571 4143 692 4218 ³0⁸²·9·
816 4135 949 4213 Coecus
975 4154 1143 4234 natus‚a
1160 4147 1323 4223 Domino
1354 4150 1614 4252 illuminatus,
1631 4161 1848 4221 constanter
1873 4139 2126 4244 perseverant

766 4245 896 4306 eontra
919 4234 1126 4313 Pharisaeos
1152 4245 1348 4320 veritatem
1384 4249 1568 4320 confitens
1599 4257 1635 4317 et
1663 4243 1885 4316 (telendena.

568 4343 661 4404 Actor.
687 4365 719 4405 n
814 4331 953 4403 Omnes
996 4333 1170 4432 discipuli
1215 4342 1367 4418 Domini
1405 4355 1512 4417 erant
1554 4352 1840 4438 perseverantes
1877 4339 1918 4414 in
1951 4334 2129 4410 orations

762 4426 996 4514 unanimiter
1022 4456 1111 4515 cum
1143 4435 1388 4538 mulieribus,
1405 4439 1529 4516 Muta.
1552 4449 1672 4514 matre
1701 4437 1810 4512 iesu.
