4452 5462
682 385 762 471 292
838 337 1104 433 TITULUS
1149 332 1335 423 CLVIII.
1375 328 1485 447 Spes
1518 347 1562 413 et
1591 323 1941 444 Longanimitag,

711 466 2053 505 w

348 671 356 680 ι
485 611 562 666 sm,
576 621 619 660 ro.
731 567 988 646 Adonisedeoh
1000 591 1071 642 rex
1082 561 1287 640 Jerusalem
1308 571 1345 634 et
1364 556 1427 632 alii
1446 557 1479 649 4.
1501 577 1626 650 reges,
1642 554 1800 650 eoquod
1818 555 1876 631 illi
1893 559 2062 648 feceram

682 693 811 770 pacem
836 693 923 742 oum
945 665 1081 754 Josue,
1104 662 1363 738 convenerunt
1387 655 1569 727 adversus
1600 652 1842 728 Gabaonitas.

732 769 827 840 Item
843 765 865 838 J
866 765 954 838 abin
968 787 1039 838 rex
1054 760 1171 854 Aser,
1187 770 1225 833 et
1243 756 1308 831 alii
1329 779 1434 850 reges
1450 750 1605 845 triginta
1625 764 1759 823 contra
1780 751 1896 844 Josue
1910 773 1946 833 et
1961 762 2060 841 filios

683 863 807 940 lsrael.

486 983 573 1042 rusa,
588 987 614 1042 ³.
734 961 829 1033 Item
868 959 1038 1056 quinque
1073 956 1236 1051 Satrapae
1267 947 1577 1040 Philistinorum,
1597 945 1831 1047 Chananaei,
1855 953 1996 1029 Sidonii
2022 971 2059 1034 et

686 1057 817 1132 Hevaei
841 1066 918 1130 etc.

487 1163 639 1244 J„1521„5,'
735 1155 832 1227 Item
852 1149 1003 1225 Madian
1031 1161 1068 1222 et
1090 1143 1286 1234 Amalech,
1319 1156 1356 1218 et
1386 1144 1510 1215 oasteri
1532 1142 1775 1217 orientalium
1802 1147 2011 1224 nationum.

489 1283 579 1350 ιω.
737 1251 797 1328 Sic
834 1259 960 1321 autem
992 1243 1216 1340 intelligitur
1256 1241 1348 1316 illud
1380 1241 1524 1314 Isaiae:
1565 1241 1763 1338 Requievit
1797 1244 1822 1314 S
1853 1245 1909 1317 ria
1949 1273 2061 1345 super

688 1345 893 1443 Ephraim,
919 1341 958 1416 id
987 1355 1058 1436 est,
1084 1341 1212 1414 decem
1234 1341 1357 1414 tribus
1383 1351 1422 1410 et
1447 1361 1516 1409 rex
1539 1338 1660 1437 Syriae
1682 1361 1798 1414 conco
1845 1357 2002 1418 averunt
2019 1346 2061 1423 in

688 1469 833 1536 unum,
861 1439 909 1514 ad
938 1463 1064 1537 regern
1089 1435 1189 1512 Juda
1213 1435 1386 1510 funditbs
1420 1433 1702 1532 extirpandum.
1894 1521 1902 1530 .

489 1545 554 1600 rue.
569 1547 612 1598 ²3·
737 1542 881 1612 Rursus
895 1537 941 1610 in
957 1536 1128 1635 passione
1143 1537 1313 1626 Domini,
1326 1532 1488 1606 Herodes
1504 1544 1541 1604 et
1557 1532 1698 1604 Pilatus
1717 1529 1802 1608 facti
1824 1551 1911 1610 sunt
1931 1539 2064 1613 amici.⁴

452 1687 456 1694 .
490 1635 607 1704 Philipp.
622 1649 648 1687 ²·
735 1635 997 1732 Philippenses
1018 1629 1255 1707 commendat
1279 1629 1481 1727 Apostolus
1508 1627 1655 1702 dicens:
1674 1631 1715 1708 ln
1737 1633 1857 1704 medio
1886 1635 2063 1706 nationis

687 1757 814 1830 pravae
830 1743 867 1803 et
885 1757 1085 1824 perversae,
1107 1730 1208 1800 inter
1228 1754 1324 1823 quos
1344 1727 1495 1813 lucetis,
1516 1727 1615 1799 sicut
1632 1726 1882 1799 luminariam
1898 1729 2060 1802 mundo.

490 1833 585 1888 Actor.
599 1850 625 1886 ²·
738 1827 870 1898 Petrus
892 1823 1093 1920 Apostolus
1111 1822 1211 1896 dixit
1227 1825 1451 1934 quibusdam
1469 1823 1491 1892 J
1495 1826 1627 1918 udaeis,
1641 1822 1881 1897 audientibus
1898 1827 2058 1900 verbum

688 1925 758 1997 Dei
781 1948 789 1993 t
811 1919 1018 1995 Salvamini
1044 1945 1066 1990 a
1088 1931 1325 2016 generatione
1345 1920 1418 1990 ista
1449 1943 1573 2014 prava.

490 2039 585 2099 Actor.
598 2040 637 2094 a.
737 2016 942 2092 Proconsul
958 2015 1098 2088 Paulus
1116 2013 1348 2089 desiderabat
1363 2012 1494 2088 audire
1502 2016 1670 2092 Verbum
1684 2021 1769 2113 Dei,
1794 2021 1857 2094 sed
1876 2032 1956 2094 erat
1976 2046 2059 2095 cum

689 2143 734 2190 eo
748 2113 905 2214 Elymas
921 2137 1051 2210 magus
1077 2111 1420 2211 pseudo-propheta
1449 2113 1619 2206 Judaeus,
1636 2120 1703 2214 qui
1731 2120 1927 2192 resistebat
1948 2117 2062 2192 Paulo

690 2227 728 2288 ct
757 2212 956 2302 Barnabae,
974 2235 1148 2307 quaerens
1167 2224 1380 2307 pervertere
1398 2209 1670 2288 Proconsulem
1699 2242 1722 2287 a
1741 2215 1826 2288 fide.

493 2329 638 2402 temam.
742 2309 903 2400 Ciuitate
928 2308 1076 2406 Lystris
1098 2306 1271 2382 homines
1292 2319 1408 2384 tautae
1442 2308 1690 2406 simplicitatis
1713 2326 1845 2404 erant,
1867 2313 1966 2411 quod
1989 2311 2061 2408 ipsi

691 2406 852 2482 Paulum
872 2417 908 2478 et
923 2405 1132 2478 Barnabam
1151 2405 1246 2482 Deos
1265 2404 1313 2477 ad
1338 2415 1474 2478 terram
1494 2405 1727 2484 descendisse
1752 2411 1941 2505 putabant.
1963 2409 2080 2482 Cum'

694 2517 818 2576 autem
849 2503 919 2579 vix
946 2501 1108 2576 sedisset
1131 2527 1194 2576 eos
1216 2502 1379 2594 Paulus,
1398 2515 1436 2575 et
1454 2507 1639 2602 coepisset
1667 2509 1718 2580 eis
1744 2508 1843 2580 viam
1867 2505 2064 2579 ostendere

693 2601 880 2690 veritatis,
892 2611 1192 2694 supervenerunt
1227 2596 1913 2702 uidamJudaoi,quiitapersuaserunt
1930 2603 2065 2696 turbis,

695 2696 796 2796 quod
816 2695 955 2768 Paulus
966 2693 1040 2769 suit
1060 2697 1114 2769 ibi
1133 2626 1334 2792 lapidatus,
1352 2708 1389 2786 et
1405 2701 1513 2792 quasi
1526 2727 1594 2796 pro
1611 2713 1755 2776 mortuo
1771 2699 1979 2770 derelictus.

494 2779 585 2836 ΜΝ·
601 2801 642 2856 ¹⁹·
744 2793 837 2866 Cum
852 2793 1020 2866 Verbum
1043 2793 1197 2890 Domini
1216 2791 1363 2868 sortiter
1375 2799 1417 2868 in
1437 2795 1581 2894 Epheso
1601 2806 1784 2882 cresceret,
1804 2806 1839 2863 et
1860 2795 2063 2864 Dominus

692 2915 760 2984 per
780 2887 941 2960 Paulum
964 2888 1102 2958 ibidem
1132 2890 1312 2960 miracula
1338 2891 1491 2988 faceret,
1531 2891 1651 2964 uidam
1669 2888 1876 2961 Demetrius
1904 2885 2061 2960 faciens

693 2981 793 3046 aedes
819 2988 1010 3069 argenteas
1035 2980 1183 3074 Dianae,
1212 2989 1428 3064 convocatis
1451 2992 1507 3090 op'
1536 2988 1640 3062 'cibus
1659 2985 1762 3062 illius
1775 2983 1886 3077 artis,
1901 2980 2072 3060 seditio:

689 3097 779 3148 nem
801 3083 932 3172 contra
956 3074 1118 3156 Paulum
1145 3080 1360 3157 concitavit.

1047 3255 1380 3388 munros
1447 3263 1709 3355 cavus,

1082 3439 1186 3555 Spes
1248 3461 1289 3529 et
1341 3429 1676 3561 Longonlim’tos.

486 811 565 864 Josue
579 823 619 860 n.

490 3637 558 3696 aen.
572 3652 610 3696 u.
690 3567 856 3703 Multis
878 3630 989 3706 annis
1015 3631 1229 3730 expectavit
1251 3633 1438 3712 Abraham
1463 3651 1665 3738 antequam
1683 3635 1843 3728 jbaberet
1866 3628 1990 3706 filium
2017 3624 2068 3702 de

620 3810 624 3818 Ι
687 3726 793 3819 Sara,
820 3728 909 3822 quia
926 3733 1003 3827 jam
1022 3731 1259 3804 centenarius
1286 3747 1382 3826 erat,
1405 3737 1556 3832 quando
1580 3750 1689 3810 natus
1717 3749 1772 3807 est
1795 3734 1908 3806 Isaac.

735 3822 1025 3916 Apromissione
1040 3827 1163 3924 primo
1176 3827 1272 3902 facta
1287 3830 1468 3927 Abrahae,
1485 3861 1606 3932 usque
1621 3835 1667 3906 ad
1679 3838 1885 3930 ingressum
1904 3821 2070 3898 seminis

689 3919 771 4006 sui,
792 3915 990 4002 [luxerunt
1015 3924 1107 3996 anni
1132 3927 1213 4018 440.
1549 3973 1551 3980 s

736 4011 1114 4124 PerrnisitDominus
1137 4019 1232 4094 filios
1250 4023 1363 4097 lsrael
1383 4025 1424 4099 in
1444 4030 1606 4127 AEgyplo
1631 4025 1811 4123 flagellari
1831 4021 1942 4116 longo
1974 4031 2069 4090 tcm-

686 4133 777 4205 pore
795 4119 832 4180 et
853 4103 980 4206 affligi,
1000 4125 1037 4184 et
1055 4127 1181 4208 postea
1199 4145 1265 4212 per
1285 4120 1473 4196 desertum
1497 4125 1636 4198 tentari
1657 4123 1908 4222 quadraginta
1932 4118 2068 4204 annis,

688 4217 890 4314 antequam
903 4208 1077 4282 venirent
1087 4208 1133 4282 ad
1152 4223 1289 4288 terram
1313 4221 1586 4324 promissionis,
1599 4223 1696 4300 sicut
1710 4229 1867 4322 apparet
1885 4217 1928 4292 in
1938 4211 2070 4293 ΕΜ*

689 4312 727 4373 et
747 4300 812 4376 hb.
831 4297 1101 4404 Nummorum,
1125 4314 1232 4409 quasi
1252 4337 1320 4412 per
1343 4327 1482 4412 totum,
