4502 5484
329 410 592 499 TITULUS
632 408 823 496 XXXIII.
863 411 1140 498 Consuetudo
1176 413 1302 496 mala.
1444 417 1490 498 61

799 627 832 696 att

475 763 857 853 TITULUS
913 764 1141 852 XXXIII.

606 949 870 1036 Consuetudo
914 954 1037 1037 molo.

141 1091 355 1227 Israelita),
373 1135 461 1208 licet
483 1136 626 1228 optimo
641 1137 723 1207 cibo
741 1141 855 1210 aDeo
869 1142 966 1234 pasti
987 1140 1028 1210 in
1050 1136 1212 1228 deserto,
1236 1138 1424 1232 suspirant
1446 1133 1492 1204 ad
1513 1146 1593 1197 Num·

137 1237 280 1328 priores
298 1233 399 1303 cibos
414 1231 455 1300 in
472 1231 653 1326 AEgypto,
685 1233 774 1326 quia
800 1233 1002 1304 illiserunt
1028 1230 1176 1302 assueti.
1441 1272 1453 1292 ι
1545 1213 1571 1278 I·
1595 1214 1610 1265 ⁵

143 1413 150 1424 ι
186 1325 387 1416 lsi-aetite,
407 1335 607 1420 postquam
630 1337 926 1422 mortuus‚esset
953 1323 1097 1422 judex,
1119 1325 1426 1412 revertebantur,
1457 1335 1493 1394 et
1512 1335 1572 1390 rut.
1590 1351 1672 1406 atq.
1707 1405 1712 1412 ι

138 1421 260 1494 multo
283 1418 467 1491 faciebant
487 1420 633 1514 pejora,
654 1445 768 1514 quam
795 1420 959 1506 fecerant
980 1432 1102 1514 patres
1125 1443 1273 1512 eorum,
1297 1428 1492 1512 sequentes

138 1517 235 1586 Deos
259 1515 417 1603 alienos,
442 1515 645 1588 servientes
666 1517 739 1606 eis,
762 1528 799 1588 et
828 1515 1023 1588 adorantes
1050 1513 1143 1584 illos.
1160 1512 1244 1584 Non
1270 1512 1492 1583 dimiserunt

137 1607 421 1683 adinventiones
449 1633 552 1697 suas,
578 1622 614 1682 et
644 1610 746 1684 viam
777 1610 1039 1700 durissimam,
1065 1633 1132 1703 per
1161 1633 1275 1704 quana
1302 1606 1492 1677 ambulare

140 1716 426 1776 consueverunt.
450 1705 647 1799 Iratusque
674 1715 728 1776 est
757 1703 866 1777 furor
888 1704 1056 1793 Domini,
1074 1715 1140 1774 etc.
1277 1705 1280 1710 ’

192 1797 302 1870 Cives
324 1798 428 1869 urbis
450 1798 534 1868 Lais
557 1797 776 1872 babitabant
796 1802 916 1872 securi
938 1810 975 1870 et
992 1799 1110 1894 quieti
1126 1799 1266 1894 absque
1287 1795 1364 1868 ullo
1387 1795 1493 1866 timo-
1510 1799 1596 1851 tudio.
1622 1800 1661 1852 ιθ·
1695 1831 1698 1839 ·

137 1917 202 1980 re,
236 1895 348 1986 juxta
381 1893 689 1964 consuetudinem
727 1894 974 1966 Sidoniorum.
1012 1892 1122 1982 Quod
1149 1885 1383 1966 advertentes
1416 1892 1491 1964 viri
1544 1867 1661 1936 ‘²4³⁷'

137 1985 258 2057 tribus
277 1987 361 2058 Dan
382 2011 513 2058 eoram
551 1989 683 2060 urbem
718 1989 964 2082 oeoupdrunt,
996 1999 1199 2082 omnesque
1227 1998 1493 2083 percusserunt

137 2080 178 2150 in
208 2105 271 2151 ore
295 2078 415 2172 gladii.
1288 2145 1292 2161 ,

187 2171 333 2240 Pharao
367 2170 464 2239 maa
487 2175 757 2244 consuetudine
782 2176 1003 2263 induratus,
1026 2171 1131 2244 nulla
1149 2172 1309 2268 amplius
1327 2175 1492 2263 monita,
1512 2194 1596 2246 uxot.
1623 2213 1647 2261 ς.

138 2261 262 2334 nullas
289 2267 419 2356 poen'as
449 2265 569 2331 aDeo
597 2265 781 2334 immissas
815 2280 931 2334 curat.
1442 2273 1446 2278 '
1546 2261 1571 2310 ὃ·
1594 2268 1646 2310 0¹0·

189 2357 344 2426 Samson
362 2378 428 2446 per
445 2354 580 2424 malam
595 2355 903 2426 consuetudinem
917 2379 960 2424 eo
978 2353 1145 2445 devenit,
1158 2369 1203 2426 ut
1219 2383 1295 2426 non
1314 2385 1352 2428 se
1366 2371 1493 2449 potue·
1511 2369 1597 2419 Judic·
1624 2369 1664 2416 ¹⁰·

137 2451 187 2521 ri't
210 2448 371 2542 amplius
385 2447 542 2518 liberare
558 2472 578 2517 e
597 2449 770 2519 manibus
792 2449 961 2520 hostium
983 2473 1152 2539 suorum,
1168 2462 1204 2521 et
1216 2473 1365 2521 omnem
1385 2475 1491 2523 suam
1547 2449 1588 2481 ²⁰·

138 2541 397 2632 fortitudinem
408 2540 633 2636 perdiderit,
648 2541 886 2614 licetdiuerit
901 2543 943 2613 in
960 2541 1069 2613 corde
1086 2567 1154 2613 suo
1170 2568 1177 2610 :
1196 2544 1378 2636 egrediar,
1395 2546 1492 2616 sicut

136 2651 224 2710 ante
238 2636 306 2708 feci
317 2649 353 2708 et
362 2659 421 2708 me
433 2637 621 2708 excutiam
631 2690 640 2726 ,
652 2638 838 2728 nesciens,
851 2635 953 2731 quod
964 2637 1171 2708 recessisset
1183 2639 1229 2708 ab
1241 2661 1284 2708 eo
1295 2639 1490 2710 Dominus.

1545 2824 1567 2857 ι.
1590 2817 1642 2860 ctc.

85 2787 90 2794 .
125 2733 128 2742 ’
187 2733 438 2821 Salomonem,
454 2729 539 2802 licet
555 2731 888 2895 sqpientissimurn,
905 2731 1001 2801 mala
1015 2731 1246 2802 consuetudo
1258 2757 1301 2802 eo
1316 2730 1490 2824 deduxit,
1509 2741 1534 2792 3·
1551 2741 1612 2806 Rea·
1634 2757 1670 2790 ¹¹·

138 2840 181 2900 ut
205 2851 327 2898 autore
345 2826 546 2899 mulierum
568 2826 581 2896 i
609 2825 667 2896 ola
682 2825 868 2914 adoraret,
894 2826 1021 2921 eisque
1038 2825 1176 2920 templa
1194 2825 1401 2899 aedificaret.

186 2921 319 3014 Iudas,
338 2922 427 3018 quia
442 2919 515 2992 ⁴fur
537 2937 634 3011 erat,
656 2935 693 2993 et
719 2921 860 2994 loculos
884 2919 1043 3010 habens,
1065 2919 1137 2992 hoc
1160 2931 1233 3013 est,
1260 2923 1429 2994 avaritiae
1451 2934 1488 2994 et
1507 2935 1645 2986 tonant
1660 2935 1685 2983 6·

136 3017 238 3090 furto
254 3023 445 3106 assuetus,
467 3015 636 3087 tandem*
652 3018 871 3110 Magistrum
894 3041 1004 3087 suum
1024 3014 1217 3109 vendidit,
1236 3029 1273 3089 et
1291 3016 1432 3113 laqueo
1450 3043 1489 3088 se
1507 3003 1635 3119 tiaeque.
1660 3001 1684 3051 ³·

139 3109 352 3201 suspendit,
382 3103 581 3204 desperans
604 3108 649 3179 de
672 3109 924 3182 misericordia
949 3111 1026 3181 Dei.

190 3205 472 3293 Energumenus
495 3203 591 3274 malo
613 3215 843 3298 torquetura
862 3201 1045 3294 daemoue,
1067 3205 1245 3299 quiajam
1264 3205 1310 3273 ab
1328 3205 1588 3276 infantiannrc.
1606 3240 1631 3289 9.
1647 3240 1682 3290 ¹9·

140 3295 185 3366 ab
211 3293 278 3367 illo
304 3289 377 3362 fuit
404 3295 588 3364 obsessus.
1541 3303 1584 3337 ²⁰·

186 3391 347 3462 Lazarus
385 3385 658 3480 quatriduanus
703 3389 822 3482 figura
858 3391 1198 3480 consuetudinarii,
1226 3401 1264 3460 et
1291 3389 1488 3462 difficultas
1507 3430 1582 3476 Μ,
1602 3445 1636 3478 „,

140 3509 225 3556 eunt
248 3476 452 3554 suscitandi
479 3501 501 3545 a
523 3481 704 3567 mortuis,
721 3505 834 3572 quarn
854 3483 1016 3554 ostendit
1036 3483 1226 3571 Christus,
1249 3481 1368 3573 figura
1392 3481 1489 3550 dilli-

139 3577 307 3663 cultatis‚
324 3595 443 3669 quam
457 3569 575 3662 babet
605 3572 954 3644 consuetudinarias
982 3601 1005 3644 a
1030 3577 1188 3668 peccatis
1221 3587 1257 3644 et
1282 3575 1378 3644 mula
1403 3598 1490 3644 con-

141 3667 340 3743 suetudine
371 3664 557 3760 surgendi.

188 3761 415 3851 Jerusalem,
434 3757 624 3855 quondam
650 3761 809 3832 Domina
835 3759 1017 3856 gentium,
1037 3759 1224 3834 destructa
1241 3772 1278 3832 et
1298 3763 1338 3832 in
1366 3761 1489 3834 servi·
1506 3795 1603 3847 nm„
1627 3807 1647 3846 „

140 3870 261 3933 tutem
284 3855 446 3946 redacta,
473 3855 595 3950 imago
623 3855 823 3950 peccatoris
859 3855 930 3926 sub
956 3860 1046 3953 jugo
1080 3857 1185 3928 malae
1206 3856 1486 3930 consuetudinis

142 3953 317 4050 oppressi.
477 3959 489 3970 '
963 3966 968 3974 '

188 4045 407 4120 Immundus
445 4046 597 4141 spiritus
632 4044 835 4118 revertitur
865 4046 906 4118 in
935 4045 1110 4135 domum,
1143 4072 1208 4119 seu
1235 4054 1299 4120 co'r
1334 4069 1487 4118 consue·
1503 4078 1663 4134 menna.

139 4141 339 4308 tudiqarii,
360 4163 446 4216 cum
477 4153 616 4237 septem
649 4139 730 4239 aliis
760 4140 950 4237 spiritibus
977 4139 1218 4242 nequioribus
1246 4169 1302 4239 se,
1320 4155 1356 4214 et
1378 4139 1485 4213 habi·
1567 4207 1571 4214 .

140 4249 195 4310 tat
217 4262 231 4310 r
256 4238 280 4310 i.
