4498 5462
467 3805 471 3812 ¹
604 3828 704 3880 matth.
721 3826 748 3880 6.

814 303 890 402 ι4ο
1026 285 1290 378 TITULUS
1321 282 1499 370 LXXV.
1537 282 1728 366 lnt'entio
1762 304 1917 370 recta·

614 533 735 652 Ἣ
808 503 2144 693 ,dltdtbttttttttllnlltffttltflffiltltttl¹²
2173 629 2174 684 n

775 752 778 761 ι
854 705 964 778 Dixit
981 704 1150 777 Pharao:
1170 702 1327 776 Peccavi
1350 709 1421 770 etc.
1438 694 1562 767 Exodi
1582 718 1616 790 q
1635 717 1642 760 :
1663 693 1771 764 Dixit
1789 691 1897 800 Satri:
1913 696 2073 776 Peccavi
2093 721 2142 779 etc.
2173 747 2174 774 t

812 831 842 875 1.
860 802 1001 894 Regum
1018 799 1070 871 15.
1094 797 1173 870 Hoc
1188 801 1310 892 ipsum
1326 793 1425 866 dixit
1451 795 1637 862 Manasses
1660 815 1693 857 2.
1712 785 1868 896 Parahp.
1890 789 2041 867 ultimo.
2057 803 2140 872 Dixit

808 895 924 970 Judas
939 896 1051 968 etiam
1070 919 1108 966 ee
1120 895 1307 990 pecceisse,
1318 886 1550 984 Matthaeiap.
1565 884 1636 958 Sed
1646 881 1857 955 affectiones
1868 886 2045 964 cordium
2057 897 2139 968 valde

807 991 965 1062 diversae
988 991 1154 1062 suerunt.

626 1119 660 1150 n
686 1117 754 1166 .17.
855 1081 997 1154 Similia
1021 1085 1098 1156 l'ere
1122 1085 1237 1156 verba
1258 1083 1357 1154 dixit
1376 1082 1527 1175 Moyses
1550 1078 1591 1149 in
1617 1073 1839 1172 Rephidim,
1868 1081 2026 1173 quando
2050 1089 2139 1179 petiit

674 1211 679 1220 ·
805 1173 967 1274 populus
997 1203 1132 1275 aquam
1149 1179 1194 1250 ad
1217 1173 1438 1262 bibendum,
1457 1171 1578 1246 Exod.
1600 1199 1652 1267 17.
1671 1173 1719 1242 Et
1734 1170 1780 1278 ad
1808 1198 1925 1267 aquas
1952 1180 2135 1252 contradie-

806 1273 941 1362 tionis,
964 1271 1074 1346 Num.
1099 1300 1154 1345 20.
1176 1273 1246 1345 Sed
1258 1270 1377 1370 primis
1393 1270 1476 1342 vice
1488 1293 1565 1340 non
1587 1267 1776 1338 haesitant
1789 1267 1831 1338 in
1847 1269 1977 1342 conde:
1995 1275 2135 1348 secundi

806 1393 919 1456 vero,
944 1371 1042 1442 sicut
1063 1380 1163 1464 patet
1179 1395 1229 1440 ex
1255 1366 1391 1462 poenal,
1446 1387 1503 1434 uae
1526 1374 1652 1471 secuta
1673 1360 1758 1470 suit.

855 1461 941 1534 Filii
958 1465 1091 1536 Ruben
1112 1477 1150 1536 et
1167 1463 1249 1534 Gad
1266 1475 1303 1536 et
1325 1459 1416 1534 dimi
1445 1460 1478 1527 ’a
1493 1459 1614 1532 tribus
1636 1455 1912 1532 educaverunt
1924 1461 2034 1536 altare
2051 1492 2061 1531 :
2078 1465 2136 1536 sed

806 1559 914 1652 longe
937 1557 1009 1630 alia
1035 1559 1267 1649 intentione,
1293 1581 1407 1654 quam
1428 1550 1619 1626 crederent
1642 1551 1706 1622 alii
1730 1551 1799 1623 filii
1814 1555 1921 1624 Isau.

611 1681 636 1714 2·
679 1683 720 1730 ,e-
751 1699 759 1716 ·
857 1652 1142 1727 commendavit
1170 1653 1354 1724 Dominus
1383 1648 1549 1722 multum
1578 1649 1715 1720 bonam
1749 1647 1961 1720 voluntatem
1990 1650 2134 1741 Daniel,

806 1771 921 1908 quam
946 1746 1080 1820 habuit
1102 1747 1148 1817 de
1163 1746 1405 1818 aedffimtione
1421 1741 1571 1837 templi,
1589 1741 1677 1814 licet
1691 1739 1850 1816 noluerit
1863 1741 2043 1838 tempium
2057 1747 2133 1820 aedi-

835 1839 911 1908 cari
933 1864 1000 1946 per
1018 1843 1126 1912 euml
1490 1933 1493 1938 .
1591 1916 1595 1934 ,

859 1931 961 2004 Misn
981 1935 1103 2009 David
1118 1961 1186 2030 pro
1202 1935 1318 2024 Uria,
1334 1935 1491 2030 quierat
1507 1937 1548 2006 in
1566 1935 1752 2026 exercitu,
1767 1959 1846 2006 non
1860 1945 1902 2006 ut
1914 1933 1975 2010 ille
1990 1940 2127 2033 quiesce

808 2043 866 2104 ret
874 2083 915 2198 ,ul
916 2027 995 2104 sed¹
1013 2042 1057 2102 ut
1084 2031 1166 2130 ipse
1191 2042 1406 2126 peccatum,
1433 2029 1639 2126 quodcum
1661 2031 1743 2126 ejus
1764 2055 1885 2106 uxone
1904 2035 2124 2123 commiserat,

808 2149 873 2197 occ
916 2137 1020 2198 taret.

858 2221 1018 2294 ornavit
1036 2246 1075 2294 se
1091 2221 1114 2293 J
1115 2221 1225 2296 udith
1239 2217 1349 2296 valde
1365 2221 1531 2314 curiose,
1545 2221 1608 2294 sed
1623 2223 1745 2296 omnis
1762 2222 1828 2296 illa
1842 2227 2052 2322 compositio
2068 2251 2122 2298 non

765 2397 768 2408 .
808 2341 858 2408 ex
876 2314 1050 2408 libidine,
1078 2317 1142 2390 sed
1164 2345 1214 2392 ex
1235 2318 1379 2394 virtute
1398 2317 1598 2427 pendebat,
1617 2317 1756 2392 scilicet
1772 2317 1819 2391 ad
1840 2317 2122 2417 liberandumpo

806 2411 939 2509 pulum
963 2413 1033 2483 Dei
1054 2413 1100 2484 de
1121 2415 1295 2486 manibus
1317 2412 1468 2508 pessumi
1489 2413 1643 2486 inimici.

621 2521 626 2534 ·
718 2537 725 2554 ·
856 2503 967 2594 Quod
990 2505 1248 2578 Mardochaeus
1265 2509 1386 2578 Amen
1408 2505 1555 2578 nolebat
1577 2507 1750 2602 adorare,
1772 2511 1834 2584 vel
1855 2537 1981 2588 coram
2002 2543 2040 2589 eo
2053 2539 2123 2608 genn

809 2599 975 2702 flectere,
992 2617 1070 2668 non
1082 2597 1240 2671 faciebat
1249 2625 1317 2698 pro
1331 2597 1582 2674 inobedientia
1600 2603 1662 2677 vel
1676 2618 1910 2702 contemptu,
1927 2609 1989 2682 sed
1999 2601 2122 2708 quiad-

806 2714 940 2762 vrnum
953 2689 1134 2764 honorem
1147 2693 1295 2768 nolebat
1305 2693 1452 2768 homini
1463 2699 1611 2770 mortali
1622 2698 1778 2794 deleme,
1789 2703 1884 2776 sicut
1895 2705 1971 2799 ipse
1983 2719 2121 2778 testatur.

642 2817 655 2850 a
702 2833 753 2864 .,.
854 2783 963 2856 Dixit
985 2787 1147 2860 Herodes
1171 2791 1207 2860 M
1257 2791 1304 2880 's‚
1326 2802 1389 2880 ut,
1406 2815 1492 2862 cum
1514 2818 1673 2886 puerum
1692 2798 1940 2888 invenissent,
1955 2803 2127 2872 renuntia-

806 2888 890 2948 rent
911 2877 968 2968 ei,
991 2892 1035 2950 ut
1055 2883 1120 2950 eti
1149 2907 1186 2952 se
1207 2906 1229 2950 a
1255 2895 1376 2954 oraret
1394 2905 1503 2958 eum:
1522 2885 1586 2958 sed
1597 2890 1705 2962 valde
1726 2892 1831 2968 aliud
1850 2894 2066 2984 intendebat,
2092 2905 2127 2964 et

805 2971 906 3042 aliud
960 2907 1194 3048 raetendebat.

640 3091 654 3124 a
745 3108 753 3124 ·
852 2997 1052 3172 Proliibuit
1077 3069 1260 3142 Dominus
1278 3071 1425 3146 duobus
1445 3078 1554 3148 coecis
1576 3077 1797 3156 illuminatis
1824 3085 1957 3174 abeo,
1981 3109 2029 3156 ne
2053 3087 2126 3180 quis

803 3153 875 3228 hoc
904 3170 1035 3267 spiret,
1062 3173 1249 3236 ettamen
1276 3171 1476 3263 sequitur:
1507 3171 1563 3246 illi
1588 3175 1877 3252 diffamaverunt
1899 3205 1984 3253 eum
2008 3183 2046 3254 in
2066 3193 2127 3251 tota

803 3261 903 3324 terra
924 3252 988 3324 illa
1008 3277 1017 3323 ε
1040 3281 1109 3328 nec
1132 3270 1256 3331 tamen
1275 3261 1331 3333 illi
1352 3279 1564 3358 arguuntur
1588 3276 1903 3368 transgressionis.

640 3373 652 3404 s
743 3391 751 3408 ·
851 3347 1048 3442 signanter
1077 3351 1180 3426 addit
1200 3355 1384 3454 Dominus
1413 3359 1524 3434 finem
1554 3377 1590 3436 et
1612 3366 1883 3462 intentionem,
1908 3393 2012 3468 quam
2035 3370 2131 3466 quis·

643 3439 652 3472 ²
701 3439 709 3472 ¹
733 3457 740 3472 ·
803 3467 877 3538 que
897 3441 1005 3515 debet
1031 3445 1168 3519 habere
1186 3449 1468 3527 benefaciendo
1486 3457 1547 3530 vel
1569 3461 1667 3532 mala
1685 3463 1869 3558 patiendo.
1891 3466 1998 3538 'Beati
2022 3468 2131 3554 eritis,

802 3561 888 3610 eum
919 3539 1182 3616 maledixerint
1208 3545 1315 3619 vobis
1340 3547 1511 3624 homines
1540 3567 1607 3626 etc.
1634 3569 1785 3651 propter
1810 3585 1893 3654 me,
1917 3559 1981 3636 vel
2006 3577 2132 3660 propter

801 3657 955 3741 nornen
972 3661 1110 3707 meum.
1145 3639 1238 3711 Item
1266 3641 1482 3740 quicunque
1510 3661 1642 3744 potum
1669 3651 1811 3726 dederit
1843 3681 1954 3752 aquae
1986 3674 2054 3733 etc.
2075 3656 2135 3747 Qui

682 3753 689 3768 ·
801 3726 994 3890 reliquerit
1017 3730 1170 3804 domum
1193 3746 1260 3806 etc.
1281 3737 1410 3809 Matth.
1443 3766 1496 3840 ¹9·

896 3827 1137 3932 e‘emosyn'am
1165 3825 1253 3902 dare
1275 3833 1312 3902 et
1337 3827 1507 3928 jejunare
1532 3844 1706 3936 praecepit
1731 3843 1921 3920 Dominus
1942 3873 2025 3923 non
2049 3871 2139 3946 prop

800 3925 858 4081 per
878 3913 1050 3990 homines
1071 3919 1179 4030 fieri,
1208 3949 1257 3996 ne
1280 3931 1492 4024 contingat,
1518 3945 1595 4008 tam
1617 3935 1715 4009 bona
1745 3963 1856 4034 opera
1882 3947 2012 4039 pravb
2038 3951 2140 4020 inter

817 4033 902 4080 rone
928 4035 1127 4108 corrumpi.

603 4103 666 4158 Luc·
690 4105 780 4226 ¹4:16·
848 4103 1010 4192 Quidam
1042 4112 1294 4204 sequebantur
1323 4117 1551 4215 Dominum,
1582 4137 1627 4197 ut
1651 4089 1744 4200 'eum
1771 4134 1953 4226 nequiter
1986 4141 2147 4212 observa-

602 4173 716 4228 ³⁰³¹l⁶
799 4207 912 4272 rent:
936 4199 1064 4302 Aliqui
1086 4215 1129 4280 ut
1157 4205 1203 4282 de
1228 4211 1391 4308 panibus
1415 4216 1497 4311 ejus
1525 4217 1794 4302 manducarent
1818 4248 1826 4296 :
1850 4229 1962 4332 Alii„
1993 4250 2034 4312 ut
2061 4230 2152 4329 lPSD
