4502 5484
809 271 862 367 44
917 257 1181 344 TITULUS
1217 251 1366 336 XXIII.
1393 249 1505 335 Boni
1529 246 1716 330 latentes
1745 245 1859 324 inter
1890 233 2043 320 malos.

816 369 2225 418 Μ

807 509 887 558 non
908 496 1014 556 erant
1030 480 1149 577 parati
1172 477 1219 550 ad
1244 474 1470 572 martyrium
1489 463 1761 574 sustinendum.
1788 461 1930 536 Idcirco
1956 456 2232 565 clemeqter

808 579 1019 654 infirmitati
1041 599 1170 649 eorum
1200 567 1521 657 condescendens,
1543 561 1665 638 voluit
1676 613 1695 669 ,·
1711 557 1811 655 quod
1832 563 2049 662 parceretur
2077 577 2192 659 ers.

611 682 675 734 tue.
698 681 739 732 ²3·
858 675 970 747 Petiit
996 672 1091 744 latro
1124 669 1168 742 ut
1192 666 1375 740 Dominus
1403 663 1632 736 meminisset
1665 679 1769 748 ejus,
1804 676 1891 724 cum
1919 658 2098 722 venisset
2156 671 2220 716 m

739 771 747 780 ’
811 795 966 866 regnum
991 791 1112 840 suum.
1135 763 1318 836 Dominus
1340 772 1465 834 autem
1491 757 1576 866 plus
1599 748 1802 858 concessit,
1823 767 1938 841 quam
1961 741 2028 814 ille
2055 753 2219 834 pete-

811 879 890 954 ret,
911 865 1057 936 dicens:
1082 859 1193 932 hodie
1223 881 1370 932 mecum
1392 855 1464 928 eris
1493 875 1535 930 ru
1557 842 1740 945 paradiso.

617 964 681 1015 ¹2⁰0·
707 980 747 1015 ²²·
860 964 992 1053 Magna
1024 957 1098 1028 fuit
1128 953 1269 1026 Christi
1302 957 1444 1048 pietus»,
1470 947 1537 1043 qui
1570 965 1638 1016 nec
1675 939 1851 1027 Petrum,
1884 934 1952 1028 qui
1984 944 2045 1042 ter
2077 958 2208 1040 esaan

618 1063 693 1114 10³⁰·
713 1077 754 1113 20·
810 1055 982 1158 negavit,
1015 1049 1167 1158 repullt,
1190 1045 1253 1119 sed
1276 1047 1434 1140 benigne
1468 1037 1651 1136 respexit,
1683 1057 1752 1105 nec
1773 1031 1955 1103 Thomam
1981 1051 2027 1098 tn
2056 1023 2206 1098 dubr-

812 1163 951 1220 tatione
980 1145 1048 1218 reh
1075 1145 1154 1234 uit,
1176 1139 1240 1214 sed
1271 1167 1309 1214 se
1335 1135 1563 1235 palpandum
1592 1125 1788 1236 manifeste
1819 1121 2006 1198 exhibuit.
2126 1215 2138 1231 1

617 1248 676 1300 Acs.
696 1263 721 1314 9·
858 1244 952 1314 Item
982 1169 1142 1311 Pedium
1170 1239 1212 1308 in
1242 1249 1328 1308 actu
1360 1228 1628 1330 persecutionis
1660 1233 1906 1309 existentem,
1933 1229 2166 1290 excaecarat
2176 1271 2189 1308 ,

812 1333 1232 1432 prostravitfflocavit,
1264 1329 1460 1402 convertit.
1812 1411 1818 1425 .
1938 1406 1945 1420 ·

618 1443 677 1494 Act·
698 1459 721 1508 7·
861 1431 962 1500 Dum
979 1426 1206 1522 lapidaretur
1223 1424 1451 1519 Stephanus,
1469 1418 1566 1492 vidit
1583 1416 1786 1487 Dominum
1808 1435 1850 1482 tn
1865 1404 1969 1482 coelis
1991 1416 2189 1496 stantem,

815 1536 995 1618 tanquam
1038 1533 1208 1614 peratum
1240 1518 1432 1682 adipsum
1455 1514 1602 1586 fortiter
1626 1503 1894 1616 adiuuandum.
2007 1539 2042 1608 ‘.·
2100 1593 2107 1605 Ι

621 1628 703 1692 spos.
726 1643 748 1674 ¹·
762 1631 798 1675 -et
862 1617 976 1687 Beato
996 1613 1133 1685 loanni
1158 1614 1200 1686 in
1228 1616 1319 1684 Insu
1335 1635 1358 1680 a
1381 1607 1558 1682 Pathmos
1573 1603 1744 1676 exulanti
1765 1599 1923 1672 multam
1950 1595 2184 1702 benigruta-

621 1731 668 1784 nn
695 1722 789 1766 rorum,
815 1723 892 1784 tem
908 1707 1284 1797 Dominusostendit,
1302 1701 1513 1800 apparendo
1522 1702 1572 1792 ei,
1583 1710 1620 1772 et
1640 1695 1812 1790 angelum
1831 1715 1943 1766 suum
1961 1686 2157 1762 mittendo
2166 1739 2181 1776 ,

819 1805 886 1899 qui
917 1827 1004 1876 eum
1030 1801 1230 1896 multiplici
1250 1799 1476 1875 revelatione
1512 1793 1721 1868 consolatus
1747 1801 1831 1868 est„

1181 2025 1555 2116 TITUL'US
1617 2015 1816 2107 XXllI'.

1137 2259 1264 2342 Boni
1315 2260 1487 2343 latentes
1540 2259 1648 2335 inter
1699 2252 1842 2334 malos.

627 2502 692 2551 cen.
709 2513 732 2561 ς.
821 2429 1038 2582 Quamvis
1076 2476 1256 2566 scriptum
1290 2474 1363 2544 sit:
1392 2473 1524 2544 Omnis
1551 2495 1643 2562 caro,
1670 2481 1883 2566 corruperat
1908 2471 2010 2546 viam
2042 2495 2167 2562 suam,

820 2587 947 2642 muron
976 2569 1075 2639 dixit
1103 2566 1287 2640 Dominus
1317 2565 1364 2638 ad
1402 2565 1503 2638 Noe:
1528 2569 1580 2640 Te
1606 2567 1686 2640 vidi
1716 2570 1861 2662 justum
1890 2589 2014 2638 eoram
2042 2591 2106 2639 me
2131 2572 2169 2640 iu

824 2663 1059 2758 generatione
1089 2661 1169 2733 hac.
1962 2703 1966 2708 -

615 2777 695 2826 icen.
723 2770 762 2818 ι3.
872 2757 968 2830 Loth
991 2771 1115 2850 Justus
1141 2751 1328 2827 habitavit
1360 2757 1402 2826 in
1430 2755 1552 2828 medio
1583 2755 1837 2830 Sodomorum.

629 2877 695 2926 een.
719 2871 760 2934 39.
874 2851 1010 2944 Joseph
1040 2851 1087 2934 in
1109 2852 1267 2946 AEgypto
1300 2845 1435 2922 castam
1461 2861 1499 2921 et
1527 2849 1672 2922 fidelem
1706 2854 1822 2924 vitam
1848 2851 1970 2926 duxit.
2086 2859 2093 2868 '

630 2968 714 3022 raon.
736 2969 761 3018 3.
874 2945 1055 3040 Apparuit
1082 2947 1266 3016 Dominus
1294 2946 1418 3042 Moysi
1443 2947 1484 3018 in
1508 2959 1606 3019 terra
1637 2945 1806 3039 Madian,
1826 2971 1913 3020 cum
1936 2971 2026 3021 oves
2049 2951 2168 3020 soceri

730 3087 736 3098 ·
827 3041 886 3112 sui
914 3038 1037 3112 lethro
1063 3051 1227 3135 pasceret
1249 3041 1290 3111 in
1317 3039 1472 3114 deserto.

632 3166 654 3197 ι-
688 3149 750 3216 Rea·
783 3163 807 3198 2·
873 3135 1019 3207 Samuel
1045 3136 1144 3208 inter
1169 3133 1265 3206 filios
1299 3135 1382 3207 Heli
1415 3139 1615 3231 pessimos,
1638 3147 1787 3209 sanctus
1811 3147 1847 3220 et
1873 3138 2053 3209 innocens
2084 3131 2168 3208 suit.

630 3249 654 3298 3.
678 3249 740 3316 mg.
766 3265 807 3316 ¹9·
864 3228 949 3302 Sub
967 3227 1094 3300 Achab
1117 3241 1153 3300 ct
1169 3228 1317 3300 Jezebel
1337 3229 1436 3301 Elias
1457 3256 1603 3327 omnes,
1626 3259 1664 3306 se
1687 3231 1764 3304 solo
1784 3243 1956 3326 excepto,
1972 3228 2169 3340 reputabat

823 3322 1055 3398 idololatras:
1088 3323 1152 3396 sed
1182 3322 1280 3396 dixit
1310 3324 1345 3396 ei
1375 3349 1441 3422 per
1471 3349 1691 3422 responsum
1717 3327 1919 3398 Dominus:
1946 3323 2169 3416 Relinquam

823 3420 919 3495 mihi
982 3445 1061 3493 ooo.
1099 3419 1290 3514 virorum,
1314 3444 1482 3516 quorum
1513 3447 1635 3518 genua
1666 3443 1742 3494 non
1776 3434 1865 3493 sunt
1897 3432 2052 3494 curvata
2084 3431 2169 3490 ante

699 3569 702 3574 -
822 3517 920 3588 Baal.
944 3445 998 3590 lie
1024 3520 1103 3612 quo‘
1133 3518 1246 3589 etiam
1276 3514 1324 3587 ad
1347 3515 1453 3588 Rom.
1482 3543 1533 3588 11.
1565 3521 1623 3590 An
1655 3517 1804 3589 nescitis
1832 3527 1898 3588 etc.

628 3624 695 3676 rot.
732 3640 753 3672 ¹·
871 3611 1006 3684 Tobias
1033 3625 1145 3683 natus
1174 3611 1248 3684 fuit
1279 3635 1329 3682 ex
1353 3610 1456 3687 tribu
1483 3611 1536 3683 Ne
1562 3611 1656 3684 htali
1681 3613 1751 3684 sub
1773 3629 1893 3706 regno
1921 3611 2098 3683 Samariae
2129 3609 2172 3680 iu

826 3727 902 3798 quo
926 3701 1004 3810 sere
1030 3727 1158 3808 omnes
1183 3705 1413 3799 putabantur
1429 3637 1636 3778 idolotitum
1659 3720 1695 3778 et
1714 3707 1815 3780 vitiis
1837 3706 1993 3785 diversis
2016 3703 2172 3778 invecti.

826 3795 938 3868 Unde
966 3806 1045 3866 rste·
1059 3819 1101 3864 m
1132 3800 1344 3890 captivitate
1369 3802 1511 3892 positus
1533 3803 1635 3874 viam
1660 3802 1828 3876 veritatis
1849 3825 1928 3874 non
1946 3799 2124 3873 deseruit.

631 3905 809 3961 uastat.
877 3885 1130 3960 mardocheus
1160 3903 1238 3962 erat
1272 3895 1484 3986 visus‚.ubi
1521 3899 1629 3990 quasi
1654 3921 1781 3969 omnes
1805 3895 2017 3969 'adorabant
2049 3895 2176 3966 Amasi

830 3982 1133 4079 superbissimum
1145 4037 1156 4082 ,
1177 3985 1256 4092 ipse
1280 4005 1371 4080 pero
1400 3985 1653 4068 Mardochaeus
1682 4003 1808 4088 genua
1826 4015 1905 4070 non
1929 3989 2118 4069 flectebat·
