4502 5484
813 355 866 440 66
997 347 1259 438 TITULUS
1298 345 1479 434 XXXV.
1522 344 1743 432 Conectio
1775 347 1990 439 Fraternas.

815 483 2183 526 *Q

619 579 713 633 affl·
733 597 761 646 s·
844 569 957 642 *Cum
984 593 1119 663 magno
1145 565 1274 641 ardore
1304 565 1483 661 corripuit
1511 562 1648 638 Esdras
1677 563 1773 640 filios
1804 572 2183 678 transmigrationis]

651 655 734 698 ‘⁸¹⁰‘
812 663 880 763 qui
904 663 1097 737 duxerunt
1121 661 1344 753 alienigenas
1369 672 1497 732 contra
1524 657 1652 768 legem.
1875 755 1904 774 -.

617 795 642 828 a.
657 776 717 829 md.
734 775 763 830 ὅ.
860 758 1027 832 Neemias
1045 758 1200 830 audiens
1219 757 1415 831 clamorem
1432 753 1560 850 populi
1575 765 1724 851 propter
1741 780 1977 851 gravamma,
1995 787 2095 858 quae
2118 796 2183 866 pa.

811 857 1008 928 tiebatura
1025 852 1222 942 divitibus,
1239 851 1445 948 increpavit
1463 849 1657 944 optimates
1675 859 1712 922 et
1729 852 1979 946 magistratus.
1995 857 2115 935 ldem
2129 865 2181 940 fc-

813 949 878 1038 cit,
889 975 956 1044 pro
967 973 1009 1020 eo
1020 947 1120 1042 quod
1133 945 1257 1038 multi,
1267 943 1447 1042 portando
1458 969 1584 1035 onera,
1598 943 1696 1018 diem
1708 945 1850 1018 sabbati
1865 949 2177 1044 prophanabant.

620 1058 687 1107 Tob-
707 1072 731 1106 2·
859 1043 1065 1116 Irridebant
1085 1043 1238 1113 Tobiam
1257 1053 1427 1136 parentes
1446 1051 1482 1110 et
1500 1042 1646 1134 cognati
1667 1041 1771 1135 ejus,
1790 1053 1828 1112 at
1850 1043 1928 1137 ipse
1951 1044 2174 1146 increpabat

691 1176 696 1191 ·
812 1165 872 1210 eos
896 1137 1046 1210 dicens:
1066 1135 1188 1208 Nolite
1211 1137 1263 1207 ita
1289 1136 1414 1231 loqui,
1440 1133 1510 1206 filii
1530 1146 1742 1208 sanctorum
1768 1159 1899 1208 sumus
1921 1150 1991 1210 etc.

621 1251 720 1303 suarii».
734 1251 759 1301 a.
857 1230 1024 1304 Audiens
1042 1211 1175 1302 Jirdith
1191 1231 1422 1326 propositum
1436 1229 1582 1330 civium
1598 1253 1767 1338 suorum,
1779 1227 1879 1394 quod
1892 1245 1981 1337 post
1998 1239 2172 1338 quinque

810 1328 888 1400 dies
910 1325 1086 1400 volebant
1106 1325 1297 1399 civitatem
1316 1323 1459 1398 tradere
1481 1325 1665 1422 Assyriis,
1680 1349 1785 1420 repre
1814 1321 1918 1398 enda
1938 1351 2003 1402 eos
2030 1357 2167 1410 sermo

812 1423 926 1495 nibus
948 1419 1121 1492 fidelibus
1149 1432 1186 1492 et
1220 1418 1399 1492 discretis.

620 1535 688 1582 nan.
708 1529 733 1580 5.
861 1503 992 1585 Daniel
1022 1513 1131 1586 valde
1158 1513 1314 1586 discrete
1337 1515 1458 1608 arguit
1485 1537 1608 1610 regem
1637 1512 1830 1589 Balthasar
1855 1519 2032 1612 exemplo
2053 1533 2162 1620 patris
2183 1535 2184 1558 ¹

814 1609 884 1684 sui.
910 1607 958 1678 Et
983 1619 1088 1696 nota,
1112 1631 1225 1702 quam
1254 1609 1438 1702 patienter
1463 1633 1533 1680 rex
1561 1607 1669 1682 illum
1696 1607 1865 1701 audivit,
1889 1609 1976 1685 licet
2010 1615 2184 1694 dixissetl

816 1713 945 1775 contra
967 1726 1074 1791 eum,
1101 1714 1138 1772 et
1165 1713 1291 1796 postea
1312 1701 1436 1794 ipsum
1457 1701 1652 1798 magnifice
1678 1702 1892 1776 honoravit.

628 1804 724 1856 smm.
740 1804 765 1852 3·
866 1797 962 1869 Cum
985 1795 1080 1866 miro
1100 1793 1247 1870 fervore
1269 1793 1415 1867 dicebat
1435 1796 1596 1869 loannes
1617 1799 1783 1892 Baptista
1805 1797 1999 1876 Pharisaeis
2021 1819 2061 1879 et
2082 1811 2184 1918 Sadp

655 1871 720 1922 ¹³¹⁰·
741 1871 766 1919 ³·
818 1891 975 1964 ducaeis:
1000 1889 1192 2054 progeqies
1222 1889 1463 1986 viperarum,
1492 1895 1577 1988 quis
1603 1891 1872 1968 demonstravit
1895 1895 2003 1970 nobis
2036 1903 2161 1999 fugere

511 2049 516 2062 .
819 2011 841 2055 a
866 1997 1027 2060 ventura
1058 2009 1113 2056 rra
1891 2065 1900 2072 .

624 2089 720 2138 Matth·
748 2088 788 2154 ¹l·
866 2081 1020 2152 Dicebat
1046 2079 1207 2150 loannes
1226 2077 1364 2152 Herodi
1375 2079 1602 2154 adulteranti
1623 2107 1710 2154 cum
1725 2082 2059 2158 Herodiade·uxore
2081 2090 2163 2164 sra-

658 2157 781 2207 l¹³‘⁰'⁰'
819 2175 887 2247 tris
908 2174 974 2264 ‚sui
998 2199 1005 2242 :
1029 2171 1113 2246 Non
1130 2173 1217 2245 licet
1242 2174 1312 2245 tibi
1337 2173 1440 2246 illam
1473 2173 1620 2248 habere.

494 2307 504 2326 .
624 2270 723 2320 mua
742 2272 783 2322 ιδ·
867 2269 1091 2357 indiscrete,
1113 2267 1200 2340 licet
1220 2269 1300 2362 pie,
1327 2267 1449 2339 voluit
1466 2269 1671 2342 Dominum
1691 2270 1825 2344 Petrus
1846 2274 2055 2369 inerepare,
2079 2306 2156 2352 cnm

819 2363 956 2436 diceret
984 2388 991 2432 :
1016 2363 1194 2457 Oportet-e
1225 2385 1311 2432 eum
1333 2361 1411 2454 pati
1432 2387 1454 2432 a
1479 2363 1740 2458 principibus:
1764 2367 1827 2438 sed
1860 2367 2046 2458 Dominus
2074 2375 2155 2447 dure

780 2515 795 2532 .
818 2457 1040 2550 respondit:
1065 2455 1168 2526 Vade
1191 2467 1275 2546 post
1294 2479 1353 2556 me
1371 2455 1516 2522 Satana.

624 2551 719 2602 Μὴ·
740 2553 781 2600 ¹8·
867 2551 1004 2616 Veram
1028 2557 1065 2614 et
1087 2557 1226 2614 certam
1247 2541 1349 2614 dedit
1375 2543 1560 2620 Dominus
1584 2549 1749 2646 regulam
1778 2555 1823 2626 de
1845 2557 2074 2632 correctione
2095 2563 2153 2636 sra-

826 2649 957 2744 terna:
978 2637 1024 2799 Sil
1038 2634 1244 2728 peccaverit
1269 2637 1369 2709 inte
1391 2636 1507 2714 frater
1529 2655 1639 2740 tuus,
1665 2649 1806 2746 corripe
1828 2675 1913 2724 eum
1940 2655 2046 2728 inter
2073 2671 2105 2732 te
2126 2669 2151 2730 et

826 2754 950 2826 ipsum
973 2753 1013 2800 so
1029 2753 1104 2800 um.

557 2848 561 2853 ·
633 2817 697 2868 ¹¹⁰⁰·
716 2817 758 2867 ²³·
874 2825 984 2896 Unus
1010 2823 1056 2894 de
1074 2822 1305 2917 latronibus,
1328 2828 1393 2921 qni
1415 2783 1641 2925 pendebant,
1668 2837 1946 3004 blapphenrabat
1965 2843 2153 2919 Dominum

826 2917 953 2988 lesum
976 2942 983 2985 :
1011 2915 1237 3012 respondens
1255 2919 1347 2990 alter
1368 2922 1582 3020 increpabat
1602 2955 1711 3022 eum,
1760 2935 1863 3007 icens
1884 2935 2039 3033 :Neque
2061 2955 2102 3014 tu
2117 2943 2154 3013 ti·

824 3011 1038 3082 mesDeum
1061 3021 1128 3082 etc.
1152 3009 1228 3083 Nos
1248 3013 1359 3108 digna
1384 3015 1491 3090 factis
1522 3025 1742 3189 recipimus,
1768 3039 1834 3100 etc.
1872 3091 1878 3096 .

871 3104 1032 3178 Pulchre
1049 3109 1223 3202 arguebat
1249 3121 1286 3181 et
1307 3113 1551 3188 convincebat
1570 3119 1599 3188 P
1628 3121 1776 3193 arisaeos
1797 3121 1860 3195 ille
1886 3149 2009 3200 coecus
2028 3142 2154 3209 natus.

824 3200 1020 3272 aDomino
1041 3200 1300 3296 illuminatus,
1322 3205 1472 3282 dicens:
1496 3211 1662 3284 Mirabile
1681 3214 1858 3310 quiddam
1881 3235 1955 3312 est,
1978 3223 2082 3318 quod
2099 3253 2154 3298 ros
2184 3237 2185 3286 l

822 3295 996 3387 nescitis,
1022 3294 1123 3368 unde
1149 3298 1197 3368 sit
1219 3295 1281 3369 ille
1303 3298 1439 3392 homo,
1466 3317 1502 3376 et
1529 3309 1674 3402 aperuit
1693 3309 1818 3383 oculos
1846 3321 2015 3388 macab
2034 3319 2153 3392 saecula

823 3413 902 3460 non
924 3401 980 3462 est
999 3387 1194 3483 auditum,
1217 3392 1318 3488 quod
1341 3400 1525 3490 aperuerit
1540 3405 1625 3498 quis
1647 3405 1772 3477 oculos
1789 3411 1881 3480 coeci
1899 3411 1982 3484 nati
1996 3441 2007 3506 3
2019 3415 2091 3488 nisi
2105 3413 2151 3484 hic

821 3494 917 3556 esset
936 3508 957 3555 a
977 3485 1081 3578 Deo,
1107 3510 1185 3558 non
1208 3487 1389 3582 potuisset
1411 3489 1530 3568 facere
1557 3497 1773 3608 quidquam.
1961 3495 1966 3512 '

628 3585 763 3638 Aetam·
868 3577 1011 3652 Videns
1035 3581 1168 3653 Petrus
1195 3582 1375 3678 quosdam
1401 3585 1549 3664 Judaeos
1568 3591 1792 3668 admirantes
1813 3608 1850 3669 et
1874 3595 2085 3698 discipulos
2106 3605 2154 3676 de·

819 3671 1009 3768 ridentes,
1036 3674 1192 3752 discrete
1219 3691 1256 3750 et
1277 3679 1508 3756 confidenter
1527 3689 1648 3780 arguit
1662 3687 1747 3762 illos
1768 3703 1805 3763 et
1826 3693 2048 3796 instruxit,
2069 3696 2155 3775 etad

820 3765 934 3840 fidem
957 3771 1151 3841 convertit.
1378 3836 1386 3854 ,

869 3861 1010 3976 Similq
1021 3861 1154 3936 accidit
1177 3888 1253 3960 cap.
1279 3867 1312 3939 3.
1347 3870 1469 3944 Actor.
1497 3873 1586 3946 Post
1611 3881 1840 3956 sanationem
1862 3881 2002 3962 claudi.
2034 3893 2155 3988 culpa

822 3979 951 4027 eorum
973 3957 1051 4062 ipse
1073 3957 1255 4050 ostendit,
1284 3976 1321 4034 et
1343 3965 1552 4061 aliqualiter
1572 3995 1755 4048 excusans
1782 4003 1870 4070 eos,
1892 3981 2019 4057 multa
2049 3989 2157 4062 dulcia

820 4049 936 4124 verba
958 4047 1056 4120 dixit
1072 4103 1082 4140 ,
1097 4051 1150 4121 ita
1168 4055 1267 4146 quod
1289 4059 1459 4131 conversi
1474 4059 1811 4167 fueruntquinque
1826 4073 1943 4145 millia
1953 4076 2159 4157 hominum.

628 4141 724 4214 aare.
741 4148 767 4198 ⁵·
785 4237 790 4242 Ι
868 4139 1076 4216 Durissime
1087 4144 1292 4242 increpavit
1303 4151 1434 4228 Petrus
1445 4155 1629 4234 Anartium
1640 4173 1676 4236 et
1692 4163 1900 4264 saphiram,
1922 4193 1995 4269 pro
2008 4203 2054 4252 eo
2073 4171 2164 4278 quod
