4502 5484
227 354 232 363 ¹
317 365 580 456 TITULUS
619 367 715 454 XX.
752 368 1026 467 Benedictio,
1071 397 1154 483 qua
1186 367 1319 456 homo
1354 391 1435 456 etc.
1506 370 1559 482 39

251 587 297 660 ln
326 586 472 659 cantico
501 611 570 682 pro
598 585 757 659 victoria
786 584 916 658 habita
943 584 989 656 de
1016 585 1137 658 Sisara
1166 584 1331 658 dicitur:
1358 584 1560 658 Benedicta
1578 597 1664 653 tidie.
1692 575 1749 655 t.'

202 685 314 848 interl
328 681 502 755 mulieres
529 680 633 754 Jabel
659 707 761 756 uxor
786 682 885 754 Aber
904 679 1036 774 Cinaei,
1057 693 1094 753 et
1113 679 1355 756 benedicatur
1375 683 1417 755 in
1434 682 1560 753 taber-

201 802 298 852 nacu
317 805 339 850 o
361 801 440 851 suo.
1136 813 1140 820 ·

250 872 384 948 noemi
409 871 544 946 videns
571 871 674 944 Ruth
701 898 843 946 nurum
870 897 976 945 suani
1003 876 1025 946 a
1056 873 1157 946 Booz
1184 871 1300 946 fuisse
1319 871 1558 962 honoratam,
1578 881 1658 941 auti.
1677 902 1706 940 a.

203 970 322 1043 dixit:
355 968 581 1041 Benedictus
613 969 661 1046 sit
693 993 716 1037 a
750 969 938 1059 Domino,
971 970 1149 1065 quoniam
1182 968 1348 1041 eamdem
1376 967 1557 1064 gratiam,

201 1091 315 1162 quam
338 1065 552 1164 praebuerat
574 1062 699 1152 vivis,
721 1065 887 1137 servavit
909 1066 1079 1137 mortuis.

250 1153 588 1232 commendaverat
607 1157 708 1227 Booz
729 1157 856 1248 Ruth,
877 1183 962 1252 quae
981 1159 1027 1231 ad
1051 1160 1171 1230 Deum
1187 1158 1301 1232 lsrael
1328 1157 1562 1254 confugerat,
1577 1165 1659 1220 Ruth·
1687 1167 1714 1218 ³·

202 1268 240 1330 et
262 1256 337 1328 ait:
360 1251 556 1327 benedicta
576 1276 614 1324 es
636 1275 659 1322 a
680 1252 842 1325 Domino
863 1251 957 1345 filia,
976 1256 1066 1349 quia
1085 1254 1247 1348 priorem
1268 1253 1561 1326 misericordiam

201 1350 406 1449 posteriore
427 1373 472 1440 su
499 1347 621 1420 erasti.
1128 1361 1131 1370 ’
1553 1348 1566 1356 ”

249 1445 334 1518 Heli
366 1371 561 1516 benedixit
591 1443 740 1515 Elcanae
772 1456 809 1517 et
839 1445 956 1516 uxori
992 1447 1095 1541 ejus,
1127 1441 1301 1539 dixitque
1330 1443 1390 1516 ei:
1419 1441 1561 1515 Reddat
1580 1469 1604 1504 ¹·
1625 1453 1689 1524 ueg.
1706 1469 1738 1507 a·

200 1541 271 1616 tibi
301 1539 487 1612 Dominus
516 1563 644 1612 semen
673 1537 720 1610 de
746 1539 904 1614 muliere
934 1537 1007 1616 bac
1041 1566 1109 1637 pro
1135 1538 1302 1633 soenore,
1328 1537 1430 1637 quod
1459 1561 1562 1610 com-

200 1635 360 1710 modasti
391 1634 566 1707 Domino.
1497 1681 1505 1698 „

246 1729 530 1806 Nuntiaverunt
562 1729 704 1828 Ziphaei
733 1729 859 1824 Sauli,
881 1731 982 1828 quod
1010 1731 1132 1806 David
1154 1731 1335 1805 latitaret·
1353 1728 1453 1826 apud
1480 1754 1607 1803 eos21·
1631 1739 1698 1806 aeg.
1715 1732 1764 1788 ²³·

199 1827 384 1923 Dixitque
405 1825 514 1899 Saul:
534 1826 727 1900 Benedicti
752 1852 822 1900 vos
844 1853 867 1900 a
891 1828 1073 1921 Domino,
1099 1828 1189 1926 quia
1210 1827 1387 1902 doluistis
1413 1826 1561 1900 luctum

201 1947 339 1995 meum.

245 2017 471 2090 Nuntiatum
509 2028 565 2088 est
594 2016 747 2108 David,
779 2017 881 2114 quod
912 2019 988 2092 viri
1020 2019 1134 2092 Jebes
1164 2015 1306 2090 Galaad
1339 2015 1559 2112 sepelissent
1579 2041 1608 2078 ²·
1628 2028 1692 2096 aeg.
1716 2043 1747 2078 2·

207 2111 319 2202 Saul,
353 2111 528 2204 dixitque
566 2109 612 2181 ad
645 2137 724 2184 eos:
753 2113 944 2186 Benedicti
966 2140 1036 2188 vos
1064 2139 1087 2184 a
1111 2115 1295 2204 Domino,
1330 2113 1397 2208 qui
1420 2111 1563 2184 fecistis
1672 2143 1702 2182 ·.

203 2201 303 2274 hanc
325 2202 614 2272 misericordiam
638 2231 723 2276 cuin
747 2208 910 2279 Domino
930 2222 1058 2281 vestro
1076 2210 1185 2298 Saul,
1204 2219 1242 2279 et
1263 2208 1443 2302 sepelistis
1461 2231 1563 2279 eum.

251 2292 448 2368 Convertit
469 2315 540 2363 rex
565 2293 738 2366 Salomon
761 2293 894 2364 faciem
919 2323 1024 2386 suum
1052 2313 1090 2370 et
1112 2301 1307 2374 benedixit
1329 2304 1434 2374 ouini
1451 2301 1562 2374 eccle·
1581 2309 1607 2361 3.
1631 2309 1694 2377 aeg.
1717 2307 1749 2365 δ’

201 2390 265 2465 siae
292 2388 426 2460 lsratil:
455 2387 589 2458 Omnis
606 2399 732 2456 autem
761 2387 915 2470 ecclesia¹
936 2390 1050 2462 lsra'el
1075 2393 1211 2463 stabat..
1658 2457 1661 2464 ,

250 2484 345 2557 Cum
374 2479 593 2577 complesset
613 2479 760 2572 David,
783 2477 946 2553 offerens
965 2483 1185 2556 holocausta
1207 2497 1244 2557 et
1260 2483 1432 2580 pacifice,
1453 2486 1564 2557 bene-
1582 2517 1608 2552 i.
1630 2501 1690 2554 Pu.
1706 2505 1752 2555 ie.

202 2581 302 2654 dixit
317 2577 454 2676 populo
471 2577 511 2650 in
528 2577 681 2651 nomine
703 2575 875 2666 Domini,
889 2587 928 2650 et
947 2575 1091 2651 dimisit
1107 2579 1378 2677 universisper
1396 2580 1562 2675 singulos
1674 2577 1677 2584 ’

202 2703 225 2750 a
249 2677 334 2751 vim
356 2699 477 2769 usque
501 2671 548 2744 ad
580 2673 776 2744 mulierem
805 2682 942 2744 tortam
969 2673 1084 2768 penis.

250 2775 307 2870 Ap
334 2767 543 2843 rehendens'
565 2767 705 2863 Beguel
725 2767 899 2842 dextram
919 2767 1008 2842 fitis
1029 2795 1129 2862 suae,
1141 2767 1285 2844 dextr-e
1307 2769 1433 2843 Tobiae
1452 2768 1564 2843 tradi·
1580 2783 1648 2838 roe.
1667 2802 1697 2854 7.

200 2869 275 2960 dit,
319 2869 447 2942 icens:
470 2865 572 2937 Deus
599 2863 808 2954 Abraham,
831 2863 958 2958 Isaac,
978 2865 1092 2938 Jacob
1117 2866 1315 2941 vobiscum
1339 2867 1405 2956 sit,
1428 2866 1561 2960 etipse

202 2967 406 3061 conjungat
428 2988 519 3053 vos,
537 2959 763 3057 impleatque
789 2959 1087 3035 benedictionem
1110 2986 1216 3034 suam
1239 2963 1280 3034 in
1305 2961 1427 3036 vobis.
1449 2962 1564 3036 Oscu-

201 3060 300 3131 latus
323 3071 379 3132 est
400 3059 576 3145 Tobiam,
598 3069 634 3128 et
653 3055 804 3151 plorans
822 3081 934 3153 super
956 3058 1095 3130 collum
1115 3060 1197 3153 ejus
1214 3057 1333 3132 dixit:
1352 3055 1563 3130 benedictio

201 3153 271 3224 tibi
298 3154 345 3225 sit
370 3153 426 3228 fili
447 3159 522 3240 nri,
549 3152 640 3246 quia
662 3152 751 3224 'boni
772 3163 810 3224 et
835 3153 969 3248 optimi
990 3153 1066 3226 viri
1092 3152 1193 3225 filius
1220 3179 1259 3226 es

253 3244 415 3316 Gabelus
444 3249 634 3338 ingressus
655 3245 829 3340 domum,
851 3248 1001 3322 invenit
1027 3247 1183 3320 Tobiam
1210 3261 1248 3320 et
1279 3249 1386 3324 flevit
1412 3246 1561 3322 dicens:
1580 3263 1647 3314 rot.
1669 3280 1702 3330 9,

203 3339 403 3424 Benedicat
424 3351 462 3409 te
483 3339 668 3416 Dominus
697 3341 829 3435 Israel,
849 3345 940 3440 quia
960 3341 1062 3418 fitius
1084 3367 1130 3416 es
1146 3344 1222 3417 viri
1243 3344 1376 3440 optimi
1396 3354 1433 3416 et
1452 3344 1565 3438 justi,

205 3436 373 3510 timentis
401 3434 535 3504 Deum.

253 3532 365 3603 Ozias
389 3528 567 3634 princeps
591 3523 721 3620 populi
744 3527 858 3626 Israel
888 3529 988 3601 dixit
1020 3529 1067 3600 ad
1101 3529 1263 3603 iudith:
1292 3527 1492 3602 Benedicta
1523 3547 1688 3605 asinam.
1702 3550 1748 3603 is.

203 3636 251 3698 tu
271 3625 349 3698 filia
374 3650 397 3696 a
418 3625 580 3696 Domino
605 3621 684 3692 Deo
709 3620 873 3714 excelso,
897 3647 975 3719 pree
1001 3623 1184 3697 omnibus.
1204 3623 1424 3716 mulieribus
1452 3649 1564 3720 super

203 3733 353 3794 terram.
491 3752 495 3762 ¹

254 3815 303 3888 Et
327 3826 455 3912 postea
479 3811 651 3888 universi
677 3811 889 3911 presbyteri
913 3838 1044 3886 omnes
1068 3839 1146 3887 uua
1171 3838 1263 3889 voce
1292 3812 1478 3896 dicentes:
1503 3815 1562 3890 Tu
1580 3835 1683 3890 sedita
1702 3837 1750 3894 is.

208 3909 322 4008 gloria
344 3908 570 4004 Jerusalem,
590 3921 636 3982 tu
663 3908 793 3981 laetitia
812 3909 927 3982 lsrael
950 3922 1018 3982 etc.

255 4007 410 4081 Factum
438 4017 517 4096 est,
537 4029 627 4079 cum
652 4001 800 4078 audiret
826 4005 1086 4078 salutationem
1108 4007 1234 4080 Mariae
1255 4005 1447 4084 Elisabeth
1458 4062 1477 4104 „
1493 4035 1563 4085 ex·
1581 4027 1699 4082 ιω.

208 4100 383 4190 eteniam
406 4114 445 4178 et
470 4101 593 4180 dixit:
616 4098 821 4176 Benedicta
842 4113 889 4176 tu
908 4101 1008 4176 inter
1032 4101 1215 4178 mulieres.
1226 4115 1302 4180 etct
