4498 5462
807 469 883 553 128
964 462 1228 552 TITULUS
1259 461 1393 546 LXX.
1433 444 1709 574 Impatientia
1741 476 1785 540 et
1823 481 2034 543 murmur.

798 601 942 636 -.,...

513 779 516 786 ¹
608 729 633 766 2.
646 707 783 775 meunt.
851 691 982 763 Razias
1011 684 1227 780 complexus
1253 679 1431 755 intestina
1454 701 1542 768 sua,
1569 673 1724 770 projecit
1750 697 1861 768 super
1883 675 2021 747 turbas
2043 675 2129 750 iuro
2158 675 2159 680 ’

608 985 706 1040 Matth.
722 1002 762 1037 ro.

805 811 893 896 cans
916 781 1194 893 Dominatorem
1215 787 1323 852 terrae
1343 772 1571 870 acspiritus,
1587 782 1631 842 ut
1650 767 1730 842 haec
1746 768 1802 843 illi
1813 769 1955 842 iterum
1968 769 2129 866 redderet,

805 880 1079 1046 etlilanitlsltac
1106 969 1281 1042 muniens
1304 964 1526 1065 discipulos,
1553 985 1647 1057 quos
1668 961 1839 1034 mittebat
1863 960 2051 1053 Salvator,
2073 964 2127 1034 ait:
2158 1029 2159 1034 ,

804 1069 928 1142 Nolite
953 1071 1083 1138 timere
1105 1063 1211 1153 illos,
1241 1063 1307 1158 qui
1325 1061 1500 1134 occidunt
1514 1081 1670 1152 corpus,
1685 1057 1848 1128 animam
1864 1083 1960 1132 vero
1984 1084 2055 1131 non
2069 1085 2125 1153 pos-
2158 1067 2159 1072 ’

806 1175 895 1234 sunt
918 1160 1083 1234 occidere
1106 1183 1114 1226 :
1139 1157 1203 1230 sed
1235 1157 1359 1251 potius
1391 1157 1518 1228 timete
1547 1177 1655 1244 eum,
1684 1151 1751 1248 qui
1773 1164 1978 1248 postquam
2001 1153 2122 1245 occidit,

803 1256 917 1329 habet
941 1265 1160 1351 potestatem
1182 1249 1356 1325 mittendi
1376 1252 1419 1322 in
1438 1250 1656 1344 gehennam.

631 1387 647 1420 u
698 1387 738 1420 t·
851 1352 968 1443 Nota,
991 1351 1033 1422 in
1055 1373 1119 1440 eo,
1143 1345 1245 1442 quod
1267 1358 1396 1418 narrat
1413 1346 1597 1418 Dominus
1619 1339 1665 1413 de
1690 1339 1808 1414 divite
1823 1352 1860 1412 et
1882 1343 2039 1436 Lumo,
2065 1369 2122 1416 non

803 1447 958 1522 videtur
982 1443 1156 1540 parabola
1172 1443 1297 1537 aliqua
1314 1443 1377 1516 vel
1399 1438 1614 1512 similitudo.
1641 1435 1752 1509 Unde
1770 1433 1921 1510 videtur
1937 1437 2045 1511 fuisse
2062 1439 2123 1510 his

803 1543 901 1614 toria
926 1536 1149 1628 manifesta,
1170 1549 1206 1608 et
1237 1538 1289 1608 sic
1313 1549 1463 1632 apparet
1495 1559 1574 1607 esse
1601 1533 1680 1607 sive
1706 1531 1909 1623 bonorum,
1931 1532 2004 1604 sive
2020 1535 2120 1603 malo

805 1661 893 1707 rum
915 1637 1057 1708 animas
1073 1630 1316 1722 immortales,
1332 1643 1369 1702 et
1383 1631 1545 1726 recipere
1560 1640 1644 1726 post
1662 1627 1944 1724 separationem
1961 1650 2111 1720 corpore,

805 1741 918 1824 prout
943 1728 985 1800 in
1015 1751 1166 1821 corpore
1188 1736 1418 1798 meruerunt.

853 1823 1038 1916 Exemplo
1051 1821 1169 1894 villici
1191 1819 1419 1914 iniquitatis,
1450 1821 1517 1985 qlpi
1538 1818 1627 1892 fecit
1644 1816 1780 1891 amicos
1798 1817 1843 1890 de
1868 1816 1971 1888 bonis
1987 1817 2116 1890 Domini

807 1918 867 1990 sui
878 1971 888 2010 ,
901 1914 1090 1989 concludit
1107 1915 1292 1986 Dominus
1308 1915 1451 1987 dicens:
1498 1916 1591 1987 acite
1606 1914 1714 1990 vobis
1725 1915 1861 1986 amicos
1878 1911 1923 1984 de
1937 1937 2115 1986 mammam

804 2011 1034 2108 iniquitatis,
1056 2021 1100 2081 ut
1122 2034 1209 2082 cum
1230 2007 1460 2104 defeceritis,
1477 2009 1658 2106 recipiant
1675 2035 1744 2083 vos
1761 2011 1802 2086 in
1823 2021 1966 2081 aetema
1980 2011 2115 2082 taberna-

805 2106 899 2179 cula.
927 2103 1039 2196 Quod
1066 2104 1165 2178 nihil
1194 2117 1289 2178 esset
1323 2105 1488 2198 dictum,
1517 2107 1550 2177 si
1572 2107 1697 2178 anima
1728 2115 1811 2200 post
1835 2107 2112 2200 separationema

805 2225 970 2296 corpore,
992 2227 1059 2275 seu
1074 2211 1325 2296 postmortem
1345 2227 1389 2272 co
1434 2201 1686 2292 oris,nullum
1702 2200 1856 2274 haberet
1866 2201 2113 2298 receptaculum.

851 2297 1034 2370 Devotam
1051 2307 1089 2366 et
1110 2306 1249 2368 rectam
1268 2295 1382 2370 fidem
1389 2228 1446 2368 ¹die
1462 2298 1587 2369 anima
1604 2297 1731 2372 beatus
1746 2295 1910 2368 habebat
1928 2297 2115 2394 Stephanus,

802 2392 869 2488 qui
882 2415 967 2464 omn
979 2389 1221 2486 lapidaretur,
1238 2390 1396 2464 dicebat:
1408 2393 1567 2465 Domine
1583 2392 1673 2465 Jesu
1688 2393 1810 2489 accipe
1826 2393 1990 2488 spiritum
2002 2416 2113 2464 meum.

849 2489 912 2558 Ex
932 2487 1059 2560 verbis
1083 2487 1218 2578 egregii
1237 2487 1407 2558 Doctoris
1426 2485 1533 2556 Pauli
1561 2488 1725 2560 animam
1746 2489 1877 2564 vivere
1904 2501 1982 2584 post
2002 2509 2113 2584 separa·

801 2579 944 2650 tionem
959 2601 1145 2670 acorpore
1161 2578 1358 2648 manifeste
1380 2592 1540 2675 apparet.
1569 2583 1733 2675 Scimus,
1753 2583 1899 2679 inquit,
1921 2586 2076 2681 quoniam
2092 2581 2113 2652 si

804 2672 992 2742 terrestris
1022 2669 1158 2741 domus
1191 2669 1441 2767 dissolvatur,
1466 2675 1568 2771 quod
1593 2677 1876 2752 aedificationem
1901 2679 2062 2754 habemus
2078 2698 2112 2748 ex

803 2765 883 2838 Deo
910 2763 1064 2836 domum
1086 2789 1164 2836 non
1182 2789 1299 2839 manu
1319 2765 1455 2840 factam
1473 2824 1485 2864 ,
1505 2770 1568 2844 sed
1595 2785 1772 2846 aetemam
1795 2775 1835 2846 in
1857 2776 1969 2848 coelis.

852 2861 902 2930 Et
926 2857 972 2928 ad
993 2856 1090 2928 Phil.
1110 2858 1345 2934 Desiderium
1359 2861 1502 2937 habens
1521 2865 1675 2942 dissolvi
1697 2882 1734 2942 et
1756 2895 1834 2942 esse
1859 2895 1941 2944 cum
1961 2869 2094 2951 (luido.

853 2953 948 3023 Item
964 2952 1067 3022 Rom.
1088 2977 1120 3050 7.
1135 2951 1275 3024 Infelix
1294 2954 1525 3053 homo,quis
1547 2986 1607 3033 me
1628 2963 1800 3038 liberabit
1815 2963 1863 3038 de
1881 2989 1916 3036 oo
2022 2985 2110 3030 mor-

803 3045 852 3115 tis
874 3043 992 3143 hujus
1014 3043 1033 3114 ‘l
1057 3047 1106 3120 Et
1135 3060 1232 3124 cene
1254 3050 1342 3127 talia
1368 3077 1447 3126 non
1472 3053 1633 3153 diceret,
1654 3061 1729 3134 uisi
1753 3061 1799 3134 de
1824 3063 1904 3138 vita
1954 3057 1961 3071 ⁸
2005 3063 2108 3129 <stiffi

802 3152 906 3213 em
1260 3263 1686 3356 nruausaxn

1119 3473 1129 3484 -
1187 3387 1454 3546 Impotzientio
1487 3463 1529 3526 et
1559 3475 1755 3531 murmur.

799 3555 928 3713 Agar
948 3621 1083 3696 ancilla
1108 3623 1206 3696 Sarae
1231 3648 1310 3695 non
1327 3626 1450 3701 ferens
1470 3634 1734 3706 correctionem
1755 3637 1927 3712 Dominae
1945 3664 2044 3733 snae,
2066 3653 2124 3736 qtae

801 3713 984 3808 affligebat
1007 3741 1088 3790 eam
1114 3730 1265 3814 propter
1285 3721 1403 3817 ipsius
1428 3726 1637 3822 superbiam
1653 3781 1674 3823 ,-
1695 3728 1822 3828 sugam
1844 3733 1985 3832 inivit,
2012 3735 2071 3810 sed
2095 3725 2126 3801 tl

800 3807 1019 3884 mandatum
1041 3813 1172 3910 Angeli
1193 3813 1314 3888 rediit.

850 3903 1042 4000 Praepositi
1068 3907 1233 3981 filiorum
1266 3911 1380 3987 Israel
1406 3911 1587 3987 dixerunt
1611 3921 1737 4018 Moysi
1766 3932 1803 3994 et
1828 3923 1993 4000 Aaron:
2019 3923 2132 3997 Videat

685 4061 688 4066 ,
799 3997 984 4072 Dominus
1013 4013 1050 4073 et
1083 4002 1249 4098 judicet,
1275 4013 1453 4107 quoniam
1475 4008 1606 4084 foetere
1626 4011 1765 4091 fecistis
1796 4017 1951 4102 odorem
1982 4035 2159 4128 nostum,

800 4116 923 4168 coram
939 4088 1167 4190 Pharaone,
1193 4111 1260 4170 etc.
2158 4135 2159 4194 l

733 4224 740 4242 ·
846 4187 1025 4262 Videntes
1047 4193 1238 4288 AEgyptios
1261 4195 1329 4267 filii
1352 4197 1466 4272 lsrael
1487 4197 1668 4278 dixerunt
1694 4206 1741 4279 ad
1759 4211 1955 4308 Moysen:
1985 4203 2159 4289 Ffflsitan

797 4296 1003 4394 nouerant
1032 4287 1199 4398 sepulcra
1228 4289 1272 4368 in
1301 4293 1487 4394 AEgypt0‚
1512 4296 1597 4376 ideo
1621 4300 1761 4386 tulistis
1783 4329 1874 4402 nos,
1901 4323 1949 4386 ut
1992 4301 2159 4388 morere-l

797 4401 884 4455 mur
913 4401 956 4454 111
980 4379 1190 4486 sohtudme,

2033 4499 2159 4582 Prima
