<?xml version="1.0" encoding="UTF-8"?>
<!DOCTYPE html PUBLIC "-//W3C//DTD XHTML 1.0 Transitional//EN"
    "http://www.w3.org/TR/xhtml1/DTD/xhtml1-transitional.dtd">
<html xmlns="http://www.w3.org/1999/xhtml" xml:lang="en" lang="en">
 <head>
  <title>
</title>
<meta http-equiv="Content-Type" content="text/html;charset=utf-8" />
  <meta name='ocr-system' content='tesseract 3.04.00' />
  <meta name='ocr-capabilities' content='ocr_page ocr_carea ocr_par ocr_line ocrx_word'/>
</head>
<body>
  <div class='ocr_page' id='page_1' title='image "./exemplabiblicai00hanagoog_0033.png"; bbox 0 0 4502 5484; ppageno 0'>
   <div class='ocr_carea' id='block_1_1' title="bbox 831 374 1875 492">
    <p class='ocr_par' dir='ltr' id='par_1_1' title="bbox 831 374 1875 492">
     <span class='ocr_line' id='line_1_1' title="bbox 831 374 1875 492; baseline -0.01 -22"><span class='ocrx_word' id='word_1_1' title='bbox 831 379 880 470; x_wconf 73' lang='lat'>13</span> <span class='ocrx_word' id='word_1_2' title='bbox 1114 377 1378 466; x_wconf 84' lang='lat' dir='ltr'>rrrucus</span> <span class='ocrx_word' id='word_1_3' title='bbox 1424 377 1513 464; x_wconf 86' lang='lat' dir='ltr'>xu.</span> <span class='ocrx_word' id='word_1_4' title='bbox 1559 374 1722 492; x_wconf 70' lang='lat' dir='ltr'>Anger</span> <span class='ocrx_word' id='word_1_5' title='bbox 1756 375 1875 460; x_wconf 75' lang='lat' dir='ltr'>sont.</span> 
     </span>
    </p>
   </div>
   <div class='ocr_carea' id='block_1_2' title="bbox 611 591 2197 890">
    <p class='ocr_par' dir='ltr' id='par_1_2' title="bbox 611 591 2197 890">
     <span class='ocr_line' id='line_1_2' title="bbox 631 591 2197 694; baseline -0.005 -20"><span class='ocrx_word' id='word_1_6' title='bbox 631 619 703 674; x_wconf 75' lang='lat' dir='ltr'>nan.</span> <span class='ocrx_word' id='word_1_7' title='bbox 722 617 761 686; x_wconf 72' lang='lat'>14.</span> <span class='ocrx_word' id='word_1_8' title='bbox 879 597 1130 674; x_wconf 85' lang='lat' dir='ltr'><strong>Postmodum</strong></span> <span class='ocrx_word' id='word_1_9' title='bbox 1158 598 1312 694; x_wconf 79' lang='lat' dir='ltr'><strong>angelus</strong></span> <span class='ocrx_word' id='word_1_10' title='bbox 1344 596 1497 672; x_wconf 88' lang='lat' dir='ltr'>Domini</span> <span class='ocrx_word' id='word_1_11' title='bbox 1525 595 1698 670; x_wconf 86' lang='lat' dir='ltr'>Habaouc</span> <span class='ocrx_word' id='word_1_12' title='bbox 1723 595 1946 694; x_wconf 89' lang='lat' dir='ltr'>prophetam</span> <span class='ocrx_word' id='word_1_13' title='bbox 1979 591 2028 668; x_wconf 88' lang='lat' dir='ltr'>de</span> <span class='ocrx_word' id='word_1_14' title='bbox 2056 593 2197 686; x_wconf 79' lang='lat' dir='ltr'>Judaea</span> 
     </span>
     <span class='ocr_line' id='line_1_3' title="bbox 821 689 1958 789; baseline -0.009 -17"><span class='ocrx_word' id='word_1_15' title='bbox 821 701 868 772; x_wconf 85' lang='lat' dir='ltr'>in</span> <span class='ocrx_word' id='word_1_16' title='bbox 892 696 1105 770; x_wconf 81' lang='lat' dir='ltr'>Cdraldaeam</span> <span class='ocrx_word' id='word_1_17' title='bbox 1132 693 1345 786; x_wconf 78' lang='lat' dir='ltr'>transtulit,</span> <span class='ocrx_word' id='word_1_18' title='bbox 1368 707 1413 768; x_wconf 91' lang='lat' dir='ltr'>ut</span> <span class='ocrx_word' id='word_1_19' title='bbox 1436 689 1551 766; x_wconf 83' lang='lat' dir='ltr'>ferr&#39;et</span> <span class='ocrx_word' id='word_1_20' title='bbox 1576 692 1778 789; x_wconf 85' lang='lat' dir='ltr'>prandium</span> <span class='ocrx_word' id='word_1_21' title='bbox 1800 689 1958 768; x_wconf 75' lang='lat' dir='ltr'><strong>Danieli.</strong></span> 
     </span>
     <span class='ocr_line' id='line_1_4' title="bbox 611 788 2197 890; baseline -0.003 -24"><span class='ocrx_word' id='word_1_22' title='bbox 611 799 702 890; x_wconf 19' lang='lat' dir='ltr'>IDu·</span> <span class='ocrx_word' id='word_1_23' title='bbox 718 817 746 866; x_wconf 80' lang='lat' dir='ltr'>a·</span> <span class='ocrx_word' id='word_1_24' title='bbox 769 815 808 850; x_wconf 87' lang='lat'>¹0·</span> <span class='ocrx_word' id='word_1_25' title='bbox 876 793 1051 868; x_wconf 88' lang='lat' dir='ltr'>Revelata</span> <span class='ocrx_word' id='word_1_26' title='bbox 1076 803 1166 866; x_wconf 86' lang='lat' dir='ltr'>sunt</span> <span class='ocrx_word' id='word_1_27' title='bbox 1185 790 1333 864; x_wconf 83' lang='lat' dir='ltr'>Danieli</span> <span class='ocrx_word' id='word_1_28' title='bbox 1358 789 1480 864; x_wconf 88' lang='lat' dir='ltr'>multa</span> <span class='ocrx_word' id='word_1_29' title='bbox 1497 803 1533 862; x_wconf 90' lang='lat' dir='ltr'>et</span> <span class='ocrx_word' id='word_1_30' title='bbox 1553 813 1689 887; x_wconf 88' lang='lat' dir='ltr'>magna</span> <span class='ocrx_word' id='word_1_31' title='bbox 1710 789 1913 888; x_wconf 84' lang='lat' dir='ltr'>mysteria,</span> <span class='ocrx_word' id='word_1_32' title='bbox 1927 813 1996 886; x_wconf 90' lang='lat' dir='ltr'>per</span> <span class='ocrx_word' id='word_1_33' title='bbox 2015 788 2197 864; x_wconf 87' lang='lat' dir='ltr'>ministe-</span> 
     </span>
    </p>
   </div>
   <div class='ocr_carea' id='block_1_3' title="bbox 632 873 2191 1276">
    <p class='ocr_par' dir='ltr' id='par_1_3' title="bbox 632 873 2191 1176">
     <span class='ocr_line' id='line_1_5' title="bbox 666 873 1768 975; baseline -0.005 -11"><span class='ocrx_word' id='word_1_34' title='bbox 666 873 693 916; x_wconf 66' lang='lat'>⁶²</span> <span class='ocrx_word' id='word_1_35' title='bbox 714 884 753 917; x_wconf 75' lang='lat'>¹¹¹</span> <span class='ocrx_word' id='word_1_36' title='bbox 828 891 929 975; x_wconf 83' lang='lat' dir='ltr'>rium</span> <span class='ocrx_word' id='word_1_37' title='bbox 950 889 1008 962; x_wconf 71' lang='lat' dir='ltr'>an*</span> <span class='ocrx_word' id='word_1_38' title='bbox 1024 887 1178 962; x_wconf 82' lang='lat' dir='ltr'>elotum.</span> <span class='ocrx_word' id='word_1_39' title='bbox 1765 951 1768 958; x_wconf 85' lang='lat'><strong>.</strong></span> 
     </span>
     <span class='ocr_line' id='line_1_6' title="bbox 632 915 2191 1080; baseline -0.001 -26"><span class='ocrx_word' id='word_1_40' title='bbox 632 1001 809 1054; x_wconf 67' lang='lat' dir='ltr'>annun.</span> <span class='ocrx_word' id='word_1_41' title='bbox 877 915 1135 1078; x_wconf 66' lang='lat' dir='ltr'>thehelinus,</span> <span class='ocrx_word' id='word_1_42' title='bbox 1173 997 1210 1057; x_wconf 91' lang='lat' dir='ltr'>et</span> <span class='ocrx_word' id='word_1_43' title='bbox 1241 987 1308 1080; x_wconf 89' lang='lat' dir='ltr'>qui</span> <span class='ocrx_word' id='word_1_44' title='bbox 1337 995 1643 1074; x_wconf 76' lang='lat' dir='ltr'>comanerent,</span> <span class='ocrx_word' id='word_1_45' title='bbox 1677 983 1859 1078; x_wconf 77' lang='lat' dir='ltr'>rogabant</span> <span class='ocrx_word' id='word_1_46' title='bbox 1883 981 2112 1072; x_wconf 88' lang='lat' dir='ltr'>Dominum,</span> <span class='ocrx_word' id='word_1_47' title='bbox 2145 993 2191 1053; x_wconf 91' lang='lat' dir='ltr'>ut</span> 
     </span>
     <span class='ocr_line' id='line_1_7' title="bbox 827 1077 2191 1176; baseline -0.005 -20"><span class='ocrx_word' id='word_1_48' title='bbox 827 1083 971 1156; x_wconf 89' lang='lat' dir='ltr'>bonum</span> <span class='ocrx_word' id='word_1_49' title='bbox 998 1079 1171 1175; x_wconf 84' lang='lat' dir='ltr'>angelum</span> <span class='ocrx_word' id='word_1_50' title='bbox 1194 1081 1360 1154; x_wconf 90' lang='lat' dir='ltr'>mitteret</span> <span class='ocrx_word' id='word_1_51' title='bbox 1388 1080 1435 1153; x_wconf 88' lang='lat' dir='ltr'>nd</span> <span class='ocrx_word' id='word_1_52' title='bbox 1458 1079 1616 1154; x_wconf 86' lang='lat' dir='ltr'>salutem</span> <span class='ocrx_word' id='word_1_53' title='bbox 1633 1079 1758 1154; x_wconf 69' lang='lat' dir='ltr'>Israel.</span> <span class='ocrx_word' id='word_1_54' title='bbox 1782 1077 1986 1176; x_wconf 69' lang='lat' dir='ltr'>Sequitur:</span> <span class='ocrx_word' id='word_1_55' title='bbox 2003 1077 2191 1174; x_wconf 80' lang='lat' dir='ltr'>Apparuit</span> 
     </span>
    </p>

    <p class='ocr_par' dir='ltr' id='par_1_4' title="bbox 827 1174 1742 1276">
     <span class='ocr_line' id='line_1_8' title="bbox 827 1174 1742 1276; baseline -0.003 -27"><span class='ocrx_word' id='word_1_56' title='bbox 827 1175 1039 1276; x_wconf 86' lang='lat' dir='ltr'>praecedens</span> <span class='ocrx_word' id='word_1_57' title='bbox 1066 1201 1128 1248; x_wconf 87' lang='lat' dir='ltr'>eos</span> <span class='ocrx_word' id='word_1_58' title='bbox 1158 1174 1312 1271; x_wconf 89' lang='lat' dir='ltr'>angelus</span> <span class='ocrx_word' id='word_1_59' title='bbox 1332 1176 1374 1251; x_wconf 89' lang='lat' dir='ltr'>in</span> <span class='ocrx_word' id='word_1_60' title='bbox 1396 1187 1500 1250; x_wconf 89' lang='lat' dir='ltr'>veste</span> <span class='ocrx_word' id='word_1_61' title='bbox 1515 1174 1683 1248; x_wconf 88' lang='lat' dir='ltr'>candida.</span> <span class='ocrx_word' id='word_1_62' title='bbox 1740 1203 1742 1208; x_wconf 66' lang='grc'>’</span> 
     </span>
    </p>
   </div>
   <div class='ocr_carea' id='block_1_4' title="bbox 489 1269 2191 1367">
    <p class='ocr_par' dir='ltr' id='par_1_5' title="bbox 489 1269 2191 1367">
     <span class='ocr_line' id='line_1_9' title="bbox 489 1269 2191 1367; baseline -0.007 -15"><span class='ocrx_word' id='word_1_63' title='bbox 489 1329 493 1334; x_wconf 95' lang='grc'>-</span> <span class='ocrx_word' id='word_1_64' title='bbox 630 1297 695 1351; x_wconf 80' lang='lat' dir='ltr'>Luc.</span> <span class='ocrx_word' id='word_1_65' title='bbox 717 1314 741 1350; x_wconf 86' lang='grc' dir='ltr'>ι.</span> <span class='ocrx_word' id='word_1_66' title='bbox 877 1271 935 1344; x_wconf 87' lang='lat' dir='ltr'>Ad</span> <span class='ocrx_word' id='word_1_67' title='bbox 959 1269 1266 1344; x_wconf 85' lang='lat' dir='ltr'>annunciandam</span> <span class='ocrx_word' id='word_1_68' title='bbox 1295 1271 1577 1366; x_wconf 83' lang='lat' dir='ltr'>conceptionem</span> <span class='ocrx_word' id='word_1_69' title='bbox 1602 1270 1761 1346; x_wconf 88' lang='lat' dir='ltr'>Joannis</span> <span class='ocrx_word' id='word_1_70' title='bbox 1791 1271 1987 1367; x_wconf 81' lang='lat' dir='ltr'>Baptistae,</span> <span class='ocrx_word' id='word_1_71' title='bbox 2016 1271 2191 1366; x_wconf 88' lang='lat' dir='ltr'>apparuit</span> 
     </span>
    </p>
   </div>
   <div class='ocr_carea' id='block_1_5' title="bbox 630 1365 2200 4031">
    <p class='ocr_par' dir='ltr' id='par_1_6' title="bbox 829 1365 1789 1464">
     <span class='ocr_line' id='line_1_10' title="bbox 829 1365 1789 1464; baseline -0.008 -22"><span class='ocrx_word' id='word_1_72' title='bbox 829 1366 982 1464; x_wconf 84' lang='lat' dir='ltr'>angelus</span> <span class='ocrx_word' id='word_1_73' title='bbox 1006 1367 1163 1440; x_wconf 90' lang='lat' dir='ltr'>Domini</span> <span class='ocrx_word' id='word_1_74' title='bbox 1182 1367 1332 1438; x_wconf 83' lang='lat' dir='ltr'>Gabriel</span> <span class='ocrx_word' id='word_1_75' title='bbox 1355 1365 1553 1438; x_wconf 67' lang='lat' dir='ltr'>Zacharia.</span> <span class='ocrx_word' id='word_1_76' title='bbox 1787 1429 1789 1442; x_wconf 73' lang='lat'><strong>.</strong></span> 
     </span>
    </p>

    <p class='ocr_par' dir='ltr' id='par_1_7' title="bbox 630 1460 2192 1652">
     <span class='ocr_line' id='line_1_11' title="bbox 630 1460 2192 1557; baseline -0.001 -21"><span class='ocrx_word' id='word_1_77' title='bbox 630 1473 742 1528; x_wconf 72' lang='lat' dir='ltr'>Eodem·</span> <span class='ocrx_word' id='word_1_78' title='bbox 877 1461 936 1536; x_wconf 91' lang='lat' dir='ltr'>Ad</span> <span class='ocrx_word' id='word_1_79' title='bbox 956 1460 1265 1537; x_wconf 84' lang='lat' dir='ltr'>annunciandam</span> <span class='ocrx_word' id='word_1_80' title='bbox 1286 1464 1567 1557; x_wconf 85' lang='lat' dir='ltr'>conceptionem</span> <span class='ocrx_word' id='word_1_81' title='bbox 1589 1463 1814 1556; x_wconf 84' lang='lat' dir='ltr'>Salvatoris,</span> <span class='ocrx_word' id='word_1_82' title='bbox 1836 1465 1974 1538; x_wconf 86' lang='lat' dir='ltr'>missus</span> <span class='ocrx_word' id='word_1_83' title='bbox 2004 1472 2061 1536; x_wconf 88' lang='lat' dir='ltr'>est</span> <span class='ocrx_word' id='word_1_84' title='bbox 2089 1460 2192 1534; x_wconf 87' lang='lat' dir='ltr'>idem</span> 
     </span>
     <span class='ocr_line' id='line_1_12' title="bbox 830 1555 2189 1652; baseline -0.008 -20"><span class='ocrx_word' id='word_1_85' title='bbox 830 1555 985 1652; x_wconf 88' lang='lat' dir='ltr'>angelus</span> <span class='ocrx_word' id='word_1_86' title='bbox 1002 1582 1025 1627; x_wconf 89' lang='lat' dir='ltr'>a</span> <span class='ocrx_word' id='word_1_87' title='bbox 1049 1557 1129 1628; x_wconf 89' lang='lat' dir='ltr'>Deo</span> <span class='ocrx_word' id='word_1_88' title='bbox 1146 1557 1187 1628; x_wconf 90' lang='lat' dir='ltr'>in</span> <span class='ocrx_word' id='word_1_89' title='bbox 1210 1557 1401 1630; x_wconf 84' lang='lat' dir='ltr'>civitatem</span> <span class='ocrx_word' id='word_1_90' title='bbox 1425 1555 1558 1632; x_wconf 87' lang='lat' dir='ltr'>David.</span> <span class='ocrx_word' id='word_1_91' title='bbox 2187 1559 2189 1566; x_wconf 59' lang='lat'><strong>⁴</strong></span> 
     </span>
    </p>

    <p class='ocr_par' dir='ltr' id='par_1_8' title="bbox 631 1651 2194 1935">
     <span class='ocr_line' id='line_1_13' title="bbox 631 1651 2193 1751; baseline 0 -25"><span class='ocrx_word' id='word_1_92' title='bbox 631 1665 687 1718; x_wconf 82' lang='lat' dir='ltr'>Luc</span> <span class='ocrx_word' id='word_1_93' title='bbox 719 1682 743 1717; x_wconf 75' lang='grc' dir='ltr'>ι·</span> <span class='ocrx_word' id='word_1_94' title='bbox 879 1655 1023 1726; x_wconf 86' lang='lat' dir='ltr'>Rursus</span> <span class='ocrx_word' id='word_1_95' title='bbox 1048 1653 1162 1724; x_wconf 89' lang='lat' dir='ltr'>etiarn</span> <span class='ocrx_word' id='word_1_96' title='bbox 1181 1663 1271 1724; x_wconf 87' lang='lat' dir='ltr'>nato</span> <span class='ocrx_word' id='word_1_97' title='bbox 1299 1651 1484 1743; x_wconf 86' lang='lat' dir='ltr'>Domino,</span> <span class='ocrx_word' id='word_1_98' title='bbox 1507 1653 1660 1746; x_wconf 89' lang='lat' dir='ltr'>angelus</span> <span class='ocrx_word' id='word_1_99' title='bbox 1679 1654 1832 1726; x_wconf 90' lang='lat' dir='ltr'>Domini</span> <span class='ocrx_word' id='word_1_100' title='bbox 1854 1657 1956 1728; x_wconf 88' lang='lat' dir='ltr'>stetit</span> <span class='ocrx_word' id='word_1_101' title='bbox 1974 1657 2088 1751; x_wconf 84' lang='lat' dir='ltr'>juxta</span> <span class='ocrx_word' id='word_1_102' title='bbox 2105 1678 2193 1749; x_wconf 86' lang='lat' dir='ltr'>pas-</span> 
     </span>
     <span class='ocr_line' id='line_1_14' title="bbox 831 1746 2194 1844; baseline 0.003 -24"><span class='ocrx_word' id='word_1_103' title='bbox 831 1761 930 1821; x_wconf 88' lang='lat' dir='ltr'>tores</span> <span class='ocrx_word' id='word_1_104' title='bbox 951 1803 962 1840; x_wconf 82' lang='lat'>,</span> <span class='ocrx_word' id='word_1_105' title='bbox 980 1761 1017 1820; x_wconf 92' lang='lat' dir='ltr'>et</span> <span class='ocrx_word' id='word_1_106' title='bbox 1028 1747 1127 1820; x_wconf 84' lang='lat' dir='ltr'>facta</span> <span class='ocrx_word' id='word_1_107' title='bbox 1149 1759 1205 1819; x_wconf 90' lang='lat' dir='ltr'>est</span> <span class='ocrx_word' id='word_1_108' title='bbox 1228 1770 1316 1820; x_wconf 92' lang='lat' dir='ltr'>cum</span> <span class='ocrx_word' id='word_1_109' title='bbox 1328 1746 1459 1844; x_wconf 89' lang='lat' dir='ltr'>angelo</span> <span class='ocrx_word' id='word_1_110' title='bbox 1477 1747 1684 1823; x_wconf 80' lang='lat' dir='ltr'>mtdtitudo</span> <span class='ocrx_word' id='word_1_111' title='bbox 1699 1749 1843 1824; x_wconf 83' lang='lat' dir='ltr'>militioe</span> <span class='ocrx_word' id='word_1_112' title='bbox 1865 1752 2027 1825; x_wconf 85' lang='lat' dir='ltr'>coelestis</span> <span class='ocrx_word' id='word_1_113' title='bbox 2046 1751 2194 1824; x_wconf 76' lang='lat' dir='ltr'>exerci-</span> 
     </span>
     <span class='ocr_line' id='line_1_15' title="bbox 832 1843 1599 1935; baseline -0.003 -18"><span class='ocrx_word' id='word_1_114' title='bbox 832 1856 895 1919; x_wconf 90' lang='lat' dir='ltr'>tus</span> <span class='ocrx_word' id='word_1_115' title='bbox 917 1843 1174 1935; x_wconf 87' lang='lat' dir='ltr'>laudantium,</span> <span class='ocrx_word' id='word_1_116' title='bbox 1204 1854 1272 1916; x_wconf 90' lang='lat' dir='ltr'>etc.</span> <span class='ocrx_word' id='word_1_117' title='bbox 1594 1881 1599 1888; x_wconf 95' lang='lat'>·</span> 
     </span>
    </p>

    <p class='ocr_par' dir='ltr' id='par_1_9' title="bbox 632 1939 2200 2490">
     <span class='ocr_line' id='line_1_16' title="bbox 632 1939 2193 2038; baseline 0.001 -25"><span class='ocrx_word' id='word_1_118' title='bbox 632 1959 813 2022; x_wconf 66' lang='lat' dir='ltr'>manners.</span> <span class='ocrx_word' id='word_1_119' title='bbox 881 1941 1046 2036; x_wconf 84' lang='lat' dir='ltr'>Angelus</span> <span class='ocrx_word' id='word_1_120' title='bbox 1064 1939 1217 2013; x_wconf 91' lang='lat' dir='ltr'>Domini</span> <span class='ocrx_word' id='word_1_121' title='bbox 1238 1939 1375 2038; x_wconf 86' lang='lat' dir='ltr'>legitur</span> <span class='ocrx_word' id='word_1_122' title='bbox 1390 1940 1503 2014; x_wconf 90' lang='lat' dir='ltr'>etiam</span> <span class='ocrx_word' id='word_1_123' title='bbox 1526 1941 1741 2038; x_wconf 85' lang='lat' dir='ltr'>apparuisse</span> <span class='ocrx_word' id='word_1_124' title='bbox 1757 1941 1842 2016; x_wconf 86' lang='lat' dir='ltr'>Jose</span> <span class='ocrx_word' id='word_1_125' title='bbox 1867 1942 1919 2034; x_wconf 87' lang='lat' dir='ltr'>h,</span> <span class='ocrx_word' id='word_1_126' title='bbox 1936 1956 1973 2017; x_wconf 90' lang='lat' dir='ltr'>et</span> <span class='ocrx_word' id='word_1_127' title='bbox 1994 1945 2029 2019; x_wconf 90' lang='lat' dir='ltr'>ei</span> <span class='ocrx_word' id='word_1_128' title='bbox 2042 1943 2193 2016; x_wconf 85' lang='lat' dir='ltr'>locutus</span> 
     </span>
     <span class='ocr_line' id='line_1_17' title="bbox 834 2037 2192 2114; baseline -0.004 -1"><span class='ocrx_word' id='word_1_129' title='bbox 834 2063 924 2113; x_wconf 87' lang='lat' dir='ltr'>esse.</span> <span class='ocrx_word' id='word_1_130' title='bbox 947 2037 1074 2110; x_wconf 90' lang='lat' dir='ltr'>Primo</span> <span class='ocrx_word' id='word_1_131' title='bbox 1090 2046 1178 2109; x_wconf 89' lang='lat' dir='ltr'>ante</span> <span class='ocrx_word' id='word_1_132' title='bbox 1200 2038 1440 2111; x_wconf 86' lang='lat' dir='ltr'>nativitatem</span> <span class='ocrx_word' id='word_1_133' title='bbox 1461 2037 1624 2112; x_wconf 90' lang='lat' dir='ltr'>Domini.</span> <span class='ocrx_word' id='word_1_134' title='bbox 1641 2037 1772 2112; x_wconf 88' lang='lat' dir='ltr'>Matth.</span> <span class='ocrx_word' id='word_1_135' title='bbox 1792 2065 1821 2112; x_wconf 91' lang='lat'>1.</span> <span class='ocrx_word' id='word_1_136' title='bbox 1883 2039 1934 2113; x_wconf 91' lang='lat' dir='ltr'>oli</span> <span class='ocrx_word' id='word_1_137' title='bbox 1948 2043 2081 2114; x_wconf 89' lang='lat' dir='ltr'>timere</span> <span class='ocrx_word' id='word_1_138' title='bbox 2097 2040 2192 2108; x_wconf 86' lang='lat' dir='ltr'>acci-</span> 
     </span>
     <span class='ocr_line' id='line_1_18' title="bbox 830 2133 2194 2234; baseline -0.002 -28"><span class='ocrx_word' id='word_1_139' title='bbox 830 2161 918 2234; x_wconf 77' lang='lat' dir='ltr'>pere</span> <span class='ocrx_word' id='word_1_140' title='bbox 937 2136 1092 2206; x_wconf 90' lang='lat' dir='ltr'>Mariam</span> <span class='ocrx_word' id='word_1_141' title='bbox 1112 2135 1311 2230; x_wconf 84' lang='lat' dir='ltr'>conjugem</span> <span class='ocrx_word' id='word_1_142' title='bbox 1334 2147 1451 2208; x_wconf 88' lang='lat' dir='ltr'>tuam.</span> <span class='ocrx_word' id='word_1_143' title='bbox 1480 2133 1653 2208; x_wconf 88' lang='lat' dir='ltr'>Secundo</span> <span class='ocrx_word' id='word_1_144' title='bbox 1672 2147 1758 2224; x_wconf 89' lang='lat' dir='ltr'>post</span> <span class='ocrx_word' id='word_1_145' title='bbox 1784 2135 2038 2209; x_wconf 89' lang='lat' dir='ltr'>adorationem</span> <span class='ocrx_word' id='word_1_146' title='bbox 2067 2140 2194 2226; x_wconf 84' lang='lat' dir='ltr'>Mago-</span> 
     </span>
     <span class='ocr_line' id='line_1_19' title="bbox 829 2223 2200 2331; baseline -0.004 -25"><span class='ocrx_word' id='word_1_147' title='bbox 829 2255 942 2306; x_wconf 91' lang='lat' dir='ltr'>rum:</span> <span class='ocrx_word' id='word_1_148' title='bbox 963 2231 1078 2322; x_wconf 86' lang='lat' dir='ltr'>Surge</span> <span class='ocrx_word' id='word_1_149' title='bbox 1099 2242 1135 2300; x_wconf 91' lang='lat' dir='ltr'>et</span> <span class='ocrx_word' id='word_1_150' title='bbox 1159 2231 1283 2318; x_wconf 85' lang='lat' dir='ltr'>accipe</span> <span class='ocrx_word' id='word_1_151' title='bbox 1306 2249 1467 2331; x_wconf 69' lang='lat' dir='ltr'>puerum</span> <span class='ocrx_word' id='word_1_152' title='bbox 1489 2235 1622 2313; x_wconf 89' lang='lat' dir='ltr'>tuum,</span> <span class='ocrx_word' id='word_1_153' title='bbox 1637 2236 1675 2296; x_wconf 89' lang='lat' dir='ltr'>et</span> <span class='ocrx_word' id='word_1_154' title='bbox 1698 2223 1786 2316; x_wconf 85' lang='lat' dir='ltr'>suge</span> <span class='ocrx_word' id='word_1_155' title='bbox 1806 2229 1847 2296; x_wconf 90' lang='lat' dir='ltr'>in</span> <span class='ocrx_word' id='word_1_156' title='bbox 1868 2233 2081 2318; x_wconf 82' lang='lat' dir='ltr'>AEgyptum.</span> <span class='ocrx_word' id='word_1_157' title='bbox 2108 2227 2200 2300; x_wconf 86' lang='lat' dir='ltr'>Ter·</span> 
     </span>
     <span class='ocr_line' id='line_1_20' title="bbox 828 2317 2200 2414; baseline -0.007 -17"><span class='ocrx_word' id='word_1_158' title='bbox 828 2327 882 2397; x_wconf 89' lang='lat' dir='ltr'>tio</span> <span class='ocrx_word' id='word_1_159' title='bbox 906 2349 913 2392; x_wconf 94' lang='lat'><strong>:</strong></span> <span class='ocrx_word' id='word_1_160' title='bbox 936 2325 1025 2395; x_wconf 89' lang='lat' dir='ltr'>Post</span> <span class='ocrx_word' id='word_1_161' title='bbox 1043 2331 1204 2394; x_wconf 83' lang='lat' dir='ltr'>mortem</span> <span class='ocrx_word' id='word_1_162' title='bbox 1225 2317 1410 2392; x_wconf 79' lang='lat' dir='ltr'>Herodis:</span> <span class='ocrx_word' id='word_1_163' title='bbox 1431 2318 1566 2414; x_wconf 83' lang='lat' dir='ltr'>Accipe</span> <span class='ocrx_word' id='word_1_164' title='bbox 1584 2337 1746 2410; x_wconf 87' lang='lat' dir='ltr'>puerum</span> <span class='ocrx_word' id='word_1_165' title='bbox 1771 2327 1809 2388; x_wconf 88' lang='lat' dir='ltr'>et</span> <span class='ocrx_word' id='word_1_166' title='bbox 1833 2329 1992 2389; x_wconf 80' lang='lat' dir='ltr'>matrem</span> <span class='ocrx_word' id='word_1_167' title='bbox 2019 2317 2125 2412; x_wconf 88' lang='lat' dir='ltr'>ejus,</span> <span class='ocrx_word' id='word_1_168' title='bbox 2165 2333 2200 2396; x_wconf 81' lang='lat' dir='ltr'>et</span> 
     </span>
     <span class='ocr_line' id='line_1_21' title="bbox 828 2411 1469 2490; baseline -0.009 -2"><span class='ocrx_word' id='word_1_169' title='bbox 828 2418 926 2490; x_wconf 84' lang='lat' dir='ltr'>vade</span> <span class='ocrx_word' id='word_1_170' title='bbox 947 2419 990 2484; x_wconf 86' lang='lat' dir='ltr'>in</span> <span class='ocrx_word' id='word_1_171' title='bbox 1016 2429 1158 2484; x_wconf 90' lang='lat' dir='ltr'>terram</span> <span class='ocrx_word' id='word_1_172' title='bbox 1181 2411 1307 2482; x_wconf 76' lang='lat' dir='ltr'>Israe&#39;l.</span> <span class='ocrx_word' id='word_1_173' title='bbox 1463 2473 1469 2482; x_wconf 87' lang='grc'><em>,</em></span> 
     </span>
    </p>

    <p class='ocr_par' dir='ltr' id='par_1_10' title="bbox 631 2497 2198 2676">
     <span class='ocr_line' id='line_1_22' title="bbox 631 2497 2198 2604; baseline 0.001 -22"><span class='ocrx_word' id='word_1_174' title='bbox 631 2531 731 2583; x_wconf 66' lang='lat' dir='ltr'>ustis.</span> <span class='ocrx_word' id='word_1_175' title='bbox 751 2528 777 2594; x_wconf 72' lang='lat' dir='ltr'>a.</span> <span class='ocrx_word' id='word_1_176' title='bbox 878 2511 969 2580; x_wconf 87' lang='lat' dir='ltr'>Post</span> <span class='ocrx_word' id='word_1_177' title='bbox 989 2529 1178 2578; x_wconf 88' lang='lat' dir='ltr'>recessum</span> <span class='ocrx_word' id='word_1_178' title='bbox 1194 2507 1414 2601; x_wconf 86' lang='lat' dir='ltr'>tentatoris,</span> <span class='ocrx_word' id='word_1_179' title='bbox 1435 2507 1597 2604; x_wconf 90' lang='lat' dir='ltr'>legitur:</span> <span class='ocrx_word' id='word_1_180' title='bbox 1617 2509 1713 2582; x_wconf 88' lang='lat' dir='ltr'>Ecce</span> <span class='ocrx_word' id='word_1_181' title='bbox 1739 2507 1859 2603; x_wconf 88' lang='lat' dir='ltr'>angeli</span> <span class='ocrx_word' id='word_1_182' title='bbox 1876 2497 2137 2604; x_wconf 84' lang='lat' dir='ltr'>accesserant,</span> <span class='ocrx_word' id='word_1_183' title='bbox 2160 2525 2198 2584; x_wconf 89' lang='lat' dir='ltr'>et</span> 
     </span>
     <span class='ocr_line' id='line_1_23' title="bbox 830 2601 1168 2676; baseline -0.015 0"><span class='ocrx_word' id='word_1_184' title='bbox 830 2601 1095 2676; x_wconf 87' lang='lat' dir='ltr'>ministrabant</span> <span class='ocrx_word' id='word_1_185' title='bbox 1123 2601 1168 2672; x_wconf 88' lang='lat' dir='ltr'>ei.</span> 
     </span>
    </p>

    <p class='ocr_par' dir='ltr' id='par_1_11' title="bbox 634 2697 2195 2866">
     <span class='ocr_line' id='line_1_24' title="bbox 634 2697 2195 2799; baseline 0.001 -24"><span class='ocrx_word' id='word_1_186' title='bbox 634 2720 699 2775; x_wconf 73' lang='lat' dir='ltr'>tue.</span> <span class='ocrx_word' id='word_1_187' title='bbox 720 2735 763 2773; x_wconf 69' lang='grc' dir='ltr'>αα.</span> <span class='ocrx_word' id='word_1_188' title='bbox 880 2697 969 2769; x_wconf 89' lang='lat' dir='ltr'>Post</span> <span class='ocrx_word' id='word_1_189' title='bbox 991 2721 1160 2788; x_wconf 87' lang='lat' dir='ltr'>coenam,</span> <span class='ocrx_word' id='word_1_190' title='bbox 1176 2697 1218 2769; x_wconf 88' lang='lat' dir='ltr'>in</span> <span class='ocrx_word' id='word_1_191' title='bbox 1241 2698 1410 2772; x_wconf 85' lang='lat' dir='ltr'>oratione</span> <span class='ocrx_word' id='word_1_192' title='bbox 1431 2698 1532 2774; x_wconf 88' lang='lat' dir='ltr'>sacta</span> <span class='ocrx_word' id='word_1_193' title='bbox 1550 2700 1593 2774; x_wconf 88' lang='lat' dir='ltr'>in</span> <span class='ocrx_word' id='word_1_194' title='bbox 1615 2699 1751 2794; x_wconf 90' lang='lat' dir='ltr'>horto,</span> <span class='ocrx_word' id='word_1_195' title='bbox 1770 2701 1944 2799; x_wconf 85' lang='lat' dir='ltr'>apparuit</span> <span class='ocrx_word' id='word_1_196' title='bbox 1964 2700 2022 2774; x_wconf 92' lang='lat' dir='ltr'>illi</span> <span class='ocrx_word' id='word_1_197' title='bbox 2036 2701 2195 2796; x_wconf 88' lang='lat' dir='ltr'>angelus</span> 
     </span>
     <span class='ocr_line' id='line_1_25' title="bbox 833 2791 1371 2866; baseline 0 0"><span class='ocrx_word' id='word_1_198' title='bbox 833 2794 879 2866; x_wconf 89' lang='lat' dir='ltr'>de</span> <span class='ocrx_word' id='word_1_199' title='bbox 902 2793 998 2866; x_wconf 91' lang='lat' dir='ltr'>coelo</span> <span class='ocrx_word' id='word_1_200' title='bbox 1027 2791 1247 2864; x_wconf 77' lang='lat' dir='ltr'>confortans</span> <span class='ocrx_word' id='word_1_201' title='bbox 1273 2817 1371 2866; x_wconf 89' lang='lat' dir='ltr'>eum.</span> 
     </span>
    </p>

    <p class='ocr_par' dir='ltr' id='par_1_12' title="bbox 881 2890 2194 2988">
     <span class='ocr_line' id='line_1_26' title="bbox 881 2890 2194 2988; baseline 0.005 -28"><span class='ocrx_word' id='word_1_202' title='bbox 881 2891 927 2961; x_wconf 87' lang='lat' dir='ltr'>In</span> <span class='ocrx_word' id='word_1_203' title='bbox 956 2890 1038 2985; x_wconf 89' lang='lat' dir='ltr'>ejus</span> <span class='ocrx_word' id='word_1_204' title='bbox 1071 2891 1367 2983; x_wconf 87' lang='lat' dir='ltr'>resurrectione,</span> <span class='ocrx_word' id='word_1_205' title='bbox 1395 2891 1561 2988; x_wconf 84' lang='lat' dir='ltr'>Angelus</span> <span class='ocrx_word' id='word_1_206' title='bbox 1588 2890 1743 2966; x_wconf 91' lang='lat' dir='ltr'>Domini</span> <span class='ocrx_word' id='word_1_207' title='bbox 1770 2891 1963 2968; x_wconf 85' lang='lat' dir='ltr'>descendit</span> <span class='ocrx_word' id='word_1_208' title='bbox 1998 2892 2044 2966; x_wconf 89' lang='lat' dir='ltr'>de</span> <span class='ocrx_word' id='word_1_209' title='bbox 2074 2894 2194 2988; x_wconf 83' lang='lat' dir='ltr'>coelo,</span> 
     </span>
    </p>

    <p class='ocr_par' dir='ltr' id='par_1_13' title="bbox 834 2981 1691 3090">
     <span class='ocr_line' id='line_1_27' title="bbox 834 2981 1691 3090; baseline 0.006 -32"><span class='ocrx_word' id='word_1_210' title='bbox 834 2983 940 3090; x_wconf 85' lang='lat' dir='ltr'>Jpan.</span> <span class='ocrx_word' id='word_1_211' title='bbox 966 3011 1023 3058; x_wconf 85' lang='lat'>20.</span> <span class='ocrx_word' id='word_1_212' title='bbox 1050 2981 1183 3058; x_wconf 87' lang='lat' dir='ltr'>Matth.</span> <span class='ocrx_word' id='word_1_213' title='bbox 1208 2990 1266 3061; x_wconf 82' lang='lat'>28.</span> <span class='ocrx_word' id='word_1_214' title='bbox 1286 2989 1399 3060; x_wconf 90' lang='lat' dir='ltr'>Marc.</span> <span class='ocrx_word' id='word_1_215' title='bbox 1421 2987 1474 3061; x_wconf 89' lang='lat'>16.</span> <span class='ocrx_word' id='word_1_216' title='bbox 1500 2991 1611 3063; x_wconf 73' lang='lat' dir='ltr'>Lucan</span> <span class='ocrx_word' id='word_1_217' title='bbox 1634 2990 1691 3082; x_wconf 71' lang='lat' dir='ltr'>ad.</span> 
     </span>
    </p>

    <p class='ocr_par' dir='ltr' id='par_1_14' title="bbox 634 3082 1864 3178">
     <span class='ocr_line' id='line_1_28' title="bbox 634 3082 1864 3178; baseline 0.003 -22"><span class='ocrx_word' id='word_1_218' title='bbox 634 3103 743 3156; x_wconf 71' lang='lat' dir='ltr'>acta.</span> <span class='ocrx_word' id='word_1_219' title='bbox 882 3082 927 3154; x_wconf 91' lang='lat' dir='ltr'>ln</span> <span class='ocrx_word' id='word_1_220' title='bbox 951 3083 1033 3178; x_wconf 88' lang='lat' dir='ltr'>ejus</span> <span class='ocrx_word' id='word_1_221' title='bbox 1062 3084 1303 3160; x_wconf 83' lang='lat' dir='ltr'>ascensione:</span> <span class='ocrx_word' id='word_1_222' title='bbox 1329 3087 1426 3158; x_wconf 86' lang='lat' dir='ltr'>Ecce</span> <span class='ocrx_word' id='word_1_223' title='bbox 1451 3084 1529 3160; x_wconf 92' lang='lat' dir='ltr'>duc</span> <span class='ocrx_word' id='word_1_224' title='bbox 1554 3088 1630 3163; x_wconf 86' lang='lat' dir='ltr'>viri</span> <span class='ocrx_word' id='word_1_225' title='bbox 1652 3087 1864 3160; x_wconf 86' lang='lat' dir='ltr'>astiterunt.</span> 
     </span>
    </p>

    <p class='ocr_par' dir='ltr' id='par_1_15' title="bbox 635 3177 2194 3570">
     <span class='ocr_line' id='line_1_29' title="bbox 635 3177 2193 3285; baseline -0.003 -25"><span class='ocrx_word' id='word_1_226' title='bbox 635 3205 696 3260; x_wconf 75' lang='lat' dir='ltr'>act.</span> <span class='ocrx_word' id='word_1_227' title='bbox 716 3204 742 3258; x_wconf 85' lang='lat'>5.</span> <span class='ocrx_word' id='word_1_228' title='bbox 881 3177 1075 3285; x_wconf 86' lang='lat' dir='ltr'>Principes</span> <span class='ocrx_word' id='word_1_229' title='bbox 1098 3180 1357 3276; x_wconf 79' lang='lat' dir='ltr'>sacerdotum,</span> <span class='ocrx_word' id='word_1_230' title='bbox 1382 3194 1420 3258; x_wconf 88' lang='lat' dir='ltr'>et</span> <span class='ocrx_word' id='word_1_231' title='bbox 1442 3207 1575 3256; x_wconf 84' lang='lat' dir='ltr'>ornnes</span> <span class='ocrx_word' id='word_1_232' title='bbox 1598 3182 1667 3278; x_wconf 92' lang='lat' dir='ltr'>qui</span> <span class='ocrx_word' id='word_1_233' title='bbox 1693 3205 1780 3254; x_wconf 90' lang='lat' dir='ltr'>cum</span> <span class='ocrx_word' id='word_1_234' title='bbox 1799 3181 1876 3256; x_wconf 90' lang='lat' dir='ltr'>illis</span> <span class='ocrx_word' id='word_1_235' title='bbox 1897 3193 2027 3274; x_wconf 84' lang='lat' dir='ltr'>erant,</span> <span class='ocrx_word' id='word_1_236' title='bbox 2052 3181 2193 3276; x_wconf 87' lang='lat' dir='ltr'>injece·</span> 
     </span>
     <span class='ocr_line' id='line_1_30' title="bbox 833 3276 2194 3377; baseline 0.001 -29"><span class='ocrx_word' id='word_1_237' title='bbox 833 3288 926 3348; x_wconf 82' lang='lat' dir='ltr'>runt</span> <span class='ocrx_word' id='word_1_238' title='bbox 956 3301 1093 3350; x_wconf 86' lang='lat' dir='ltr'>manus</span> <span class='ocrx_word' id='word_1_239' title='bbox 1115 3276 1157 3348; x_wconf 92' lang='lat' dir='ltr'>in</span> <span class='ocrx_word' id='word_1_240' title='bbox 1185 3277 1392 3374; x_wconf 82' lang='lat' dir='ltr'>apostolos,</span> <span class='ocrx_word' id='word_1_241' title='bbox 1408 3291 1446 3352; x_wconf 88' lang='lat' dir='ltr'>et</span> <span class='ocrx_word' id='word_1_242' title='bbox 1468 3290 1679 3377; x_wconf 88' lang='lat' dir='ltr'>posuerunt</span> <span class='ocrx_word' id='word_1_243' title='bbox 1695 3303 1759 3351; x_wconf 86' lang='lat' dir='ltr'>eos</span> <span class='ocrx_word' id='word_1_244' title='bbox 1777 3279 1819 3350; x_wconf 90' lang='lat' dir='ltr'>in</span> <span class='ocrx_word' id='word_1_245' title='bbox 1838 3277 2005 3354; x_wconf 88' lang='lat' dir='ltr'>custodia</span> <span class='ocrx_word' id='word_1_246' title='bbox 2031 3279 2194 3372; x_wconf 71' lang='lat' dir='ltr'>publiea.</span> 
     </span>
     <span class='ocr_line' id='line_1_31' title="bbox 832 3370 2193 3472; baseline 0.004 -28"><span class='ocrx_word' id='word_1_247' title='bbox 832 3370 998 3468; x_wconf 88' lang='lat' dir='ltr'>Angelus</span> <span class='ocrx_word' id='word_1_248' title='bbox 1020 3383 1146 3448; x_wconf 87' lang='lat' dir='ltr'>autem</span> <span class='ocrx_word' id='word_1_249' title='bbox 1171 3375 1325 3448; x_wconf 90' lang='lat' dir='ltr'>Domini</span> <span class='ocrx_word' id='word_1_250' title='bbox 1353 3399 1421 3472; x_wconf 90' lang='lat' dir='ltr'>per</span> <span class='ocrx_word' id='word_1_251' title='bbox 1442 3389 1596 3451; x_wconf 88' lang='lat' dir='ltr'>noctem</span> <span class='ocrx_word' id='word_1_252' title='bbox 1630 3376 1801 3472; x_wconf 88' lang='lat' dir='ltr'>ape1iens</span> <span class='ocrx_word' id='word_1_253' title='bbox 1827 3378 1980 3472; x_wconf 85' lang='lat' dir='ltr'>januam</span> <span class='ocrx_word' id='word_1_254' title='bbox 2011 3377 2193 3468; x_wconf 88' lang='lat' dir='ltr'>carceris,</span> 
     </span>
     <span class='ocr_line' id='line_1_32' title="bbox 831 3467 2044 3570; baseline 0 -30"><span class='ocrx_word' id='word_1_255' title='bbox 831 3467 967 3544; x_wconf 80' lang='lat' dir='ltr'>eduxit</span> <span class='ocrx_word' id='word_1_256' title='bbox 991 3495 1075 3563; x_wconf 88' lang='lat' dir='ltr'>eos,</span> <span class='ocrx_word' id='word_1_257' title='bbox 1106 3483 1144 3544; x_wconf 89' lang='lat' dir='ltr'>et</span> <span class='ocrx_word' id='word_1_258' title='bbox 1159 3469 1260 3544; x_wconf 82' lang='lat' dir='ltr'>dixit</span> <span class='ocrx_word' id='word_1_259' title='bbox 1283 3497 1292 3540; x_wconf 73' lang='grc' dir='ltr'><strong>ε</strong></span> <span class='ocrx_word' id='word_1_260' title='bbox 1320 3473 1405 3564; x_wconf 88' lang='lat' dir='ltr'>Ite,</span> <span class='ocrx_word' id='word_1_261' title='bbox 1429 3485 1466 3545; x_wconf 89' lang='lat' dir='ltr'>et</span> <span class='ocrx_word' id='word_1_262' title='bbox 1487 3473 1689 3570; x_wconf 88' lang='lat' dir='ltr'>loquimini</span> <span class='ocrx_word' id='word_1_263' title='bbox 1710 3473 1753 3546; x_wconf 88' lang='lat' dir='ltr'>in</span> <span class='ocrx_word' id='word_1_264' title='bbox 1774 3473 1914 3569; x_wconf 88' lang='lat' dir='ltr'>templo</span> <span class='ocrx_word' id='word_1_265' title='bbox 1957 3467 2044 3544; x_wconf 81' lang='lat' dir='ltr'>labi.</span> 
     </span>
    </p>

    <p class='ocr_par' dir='ltr' id='par_1_16' title="bbox 634 3497 2194 3750">
     <span class='ocr_line' id='line_1_33' title="bbox 634 3497 2194 3667; baseline 0.004 -33"><span class='ocrx_word' id='word_1_266' title='bbox 634 3577 695 3634; x_wconf 75' lang='lat' dir='ltr'>Aa.</span> <span class='ocrx_word' id='word_1_267' title='bbox 715 3575 748 3631; x_wconf 75' lang='lat' dir='ltr'>s:</span> <span class='ocrx_word' id='word_1_268' title='bbox 880 3563 1044 3660; x_wconf 87' lang='lat' dir='ltr'>Angelus</span> <span class='ocrx_word' id='word_1_269' title='bbox 1069 3567 1223 3642; x_wconf 90' lang='lat' dir='ltr'>Domini</span> <span class='ocrx_word' id='word_1_270' title='bbox 1238 3565 1338 3642; x_wconf 85' lang='lat' dir='ltr'>dixit</span> <span class='ocrx_word' id='word_1_271' title='bbox 1354 3568 1402 3640; x_wconf 90' lang='lat' dir='ltr'>ad</span> <span class='ocrx_word' id='word_1_272' title='bbox 1426 3568 1645 3667; x_wconf 91' lang='lat' dir='ltr'>Philippum</span> <span class='ocrx_word' id='word_1_273' title='bbox 1669 3568 1811 3665; x_wconf 88' lang='lat' dir='ltr'>:Surge</span> <span class='ocrx_word' id='word_1_274' title='bbox 1830 3580 1867 3641; x_wconf 91' lang='lat' dir='ltr'>et</span> <span class='ocrx_word' id='word_1_275' title='bbox 1885 3497 1980 3647; x_wconf 73' lang='lat' dir='ltr'>vade</span> <span class='ocrx_word' id='word_1_276' title='bbox 1998 3565 2194 3640; x_wconf 87' lang='lat' dir='ltr'>meridiem</span> 
     </span>
     <span class='ocr_line' id='line_1_34' title="bbox 830 3673 1167 3750; baseline -0.003 -16"><span class='ocrx_word' id='word_1_277' title='bbox 830 3681 989 3750; x_wconf 79' lang='lat' dir='ltr'>versus,</span> <span class='ocrx_word' id='word_1_278' title='bbox 1015 3673 1084 3734; x_wconf 91' lang='lat' dir='ltr'>etc.</span> <span class='ocrx_word' id='word_1_279' title='bbox 1161 3687 1167 3694; x_wconf 91' lang='lat'><em>·</em></span> 
     </span>
    </p>

    <p class='ocr_par' dir='ltr' id='par_1_17' title="bbox 634 3753 2196 3860">
     <span class='ocr_line' id='line_1_35' title="bbox 634 3753 2196 3860; baseline 0.001 -28"><span class='ocrx_word' id='word_1_280' title='bbox 634 3775 705 3852; x_wconf 68' lang='lat' dir='ltr'>Aa.</span> <span class='ocrx_word' id='word_1_281' title='bbox 721 3793 764 3832; x_wconf 73' lang='grc' dir='ltr'>ιο.</span> <span class='ocrx_word' id='word_1_282' title='bbox 885 3753 1081 3828; x_wconf 89' lang='lat' dir='ltr'>Cornelius</span> <span class='ocrx_word' id='word_1_283' title='bbox 1108 3757 1207 3834; x_wconf 84' lang='lat' dir='ltr'>vidit</span> <span class='ocrx_word' id='word_1_284' title='bbox 1229 3757 1428 3835; x_wconf 86' lang='lat' dir='ltr'>manifeste</span> <span class='ocrx_word' id='word_1_285' title='bbox 1447 3759 1621 3860; x_wconf 85' lang='lat' dir='ltr'>angelum</span> <span class='ocrx_word' id='word_1_286' title='bbox 1638 3762 1734 3837; x_wconf 88' lang='lat' dir='ltr'>hora</span> <span class='ocrx_word' id='word_1_287' title='bbox 1752 3760 1828 3838; x_wconf 87' lang='lat' dir='ltr'>diei</span> <span class='ocrx_word' id='word_1_288' title='bbox 1846 3785 1974 3858; x_wconf 84' lang='lat' dir='ltr'>nona,</span> <span class='ocrx_word' id='word_1_289' title='bbox 1995 3759 2196 3836; x_wconf 81' lang='lat' dir='ltr'>introeun-</span> 
     </span>
    </p>

    <p class='ocr_par' dir='ltr' id='par_1_18' title="bbox 634 3849 1735 4031">
     <span class='ocr_line' id='line_1_36' title="bbox 751 3849 1735 3953; baseline 0.01 -31"><span class='ocrx_word' id='word_1_290' title='bbox 751 3905 754 3913; x_wconf 85' lang='lat'><strong>.</strong></span> <span class='ocrx_word' id='word_1_291' title='bbox 833 3855 913 3922; x_wconf 78' lang='lat' dir='ltr'>tem</span> <span class='ocrx_word' id='word_1_292' title='bbox 941 3849 989 3920; x_wconf 87' lang='lat' dir='ltr'>ad</span> <span class='ocrx_word' id='word_1_293' title='bbox 1015 3875 1054 3922; x_wconf 87' lang='lat' dir='ltr'>se</span> <span class='ocrx_word' id='word_1_294' title='bbox 1080 3863 1118 3926; x_wconf 89' lang='lat' dir='ltr'>et</span> <span class='ocrx_word' id='word_1_295' title='bbox 1133 3853 1319 3931; x_wconf 84' lang='lat' dir='ltr'>dicentem</span> <span class='ocrx_word' id='word_1_296' title='bbox 1342 3859 1443 3932; x_wconf 89' lang='lat' dir='ltr'>sibi:</span> <span class='ocrx_word' id='word_1_297' title='bbox 1467 3859 1643 3953; x_wconf 75' lang='lat' dir='ltr'>Corneli,</span> <span class='ocrx_word' id='word_1_298' title='bbox 1666 3872 1735 3934; x_wconf 88' lang='lat' dir='ltr'>etc.</span> 
     </span>
     <span class='ocr_line' id='line_1_37' title="bbox 634 3945 1733 4031; baseline 0.011 -13"><span class='ocrx_word' id='word_1_299' title='bbox 634 3965 758 4018; x_wconf 75' lang='lat' dir='ltr'>Act.1s.</span> <span class='ocrx_word' id='word_1_300' title='bbox 882 3945 932 4016; x_wconf 88' lang='lat' dir='ltr'>Et</span> <span class='ocrx_word' id='word_1_301' title='bbox 957 3945 1165 4022; x_wconf 87' lang='lat' dir='ltr'>dormiente</span> <span class='ocrx_word' id='word_1_302' title='bbox 1190 3953 1301 4027; x_wconf 88' lang='lat' dir='ltr'>Petro</span> <span class='ocrx_word' id='word_1_303' title='bbox 1325 3955 1367 4027; x_wconf 89' lang='lat' dir='ltr'>in</span> <span class='ocrx_word' id='word_1_304' title='bbox 1397 3954 1555 4028; x_wconf 88' lang='lat' dir='ltr'>Herodis</span> <span class='ocrx_word' id='word_1_305' title='bbox 1576 3981 1733 4031; x_wconf 86' lang='lat' dir='ltr'>carcere.</span> 
     </span>
    </p>
   </div>
   <div class='ocr_carea' id='block_1_6' title="bbox 633 4039 2199 4157">
    <p class='ocr_par' dir='ltr' id='par_1_19' title="bbox 633 4039 2199 4157">
     <span class='ocr_line' id='line_1_38' title="bbox 633 4039 2199 4157; baseline 0.006 -39"><span class='ocrx_word' id='word_1_306' title='bbox 633 4057 745 4118; x_wconf 70' lang='lat' dir='ltr'>caen.</span> <span class='ocrx_word' id='word_1_307' title='bbox 882 4039 1048 4120; x_wconf 86' lang='lat' dir='ltr'>Herodes</span> <span class='ocrx_word' id='word_1_308' title='bbox 1061 4069 1130 4121; x_wconf 81' lang='lat' dir='ltr'>rex</span> <span class='ocrx_word' id='word_1_309' title='bbox 1142 4051 1301 4126; x_wconf 83' lang='lat' dir='ltr'>restitus</span> <span class='ocrx_word' id='word_1_310' title='bbox 1318 4063 1424 4132; x_wconf 75' lang='lat' dir='ltr'>seete</span> <span class='ocrx_word' id='word_1_311' title='bbox 1440 4051 1557 4151; x_wconf 71' lang='lat' dir='ltr'>regali</span> <span class='ocrx_word' id='word_1_312' title='bbox 1571 4053 1721 4130; x_wconf 85' lang='lat' dir='ltr'>sedebat</span> <span class='ocrx_word' id='word_1_313' title='bbox 1736 4079 1805 4157; x_wconf 84' lang='lat' dir='ltr'>pm</span> <span class='ocrx_word' id='word_1_314' title='bbox 1816 4051 1994 4132; x_wconf 83' lang='lat' dir='ltr'>tribunali</span> <span class='ocrx_word' id='word_1_315' title='bbox 2005 4109 2018 4152; x_wconf 77' lang='lat'><em>,</em></span> <span class='ocrx_word' id='word_1_316' title='bbox 2030 4051 2199 4152; x_wconf 80' lang='lat' dir='ltr'>populus</span> 
     </span>
    </p>
   </div>
   <div class='ocr_carea' id='block_1_7' title="bbox 0 0 2256 5484">
    <p class='ocr_par' dir='ltr' id='par_1_20' title="bbox 0 0 2256 5484">
     <span class='ocr_line' id='line_1_39' title="bbox 0 0 2256 5484; baseline 0 0"><span class='ocrx_word' id='word_1_317' title='bbox 0 0 2256 5484; x_wconf 95' lang='lat' dir='ltr'> </span> 
     </span>
    </p>
   </div>
   <div class='ocr_carea' id='block_1_8' title="bbox 2249 1913 2252 3250">
    <p class='ocr_par' dir='ltr' id='par_1_21' title="bbox 2249 1913 2252 3250">
     <span class='ocr_line' id='line_1_40' title="bbox 2249 1913 2252 3250; baseline 0 0"><span class='ocrx_word' id='word_1_318' title='bbox 2249 1913 2252 3250; x_wconf 95' lang='lat' dir='ltr'> </span> 
     </span>
    </p>
   </div>
  </div>
 </body>
</html>
