4464 5464
763 313 846 475 eut
957 313 1221 474 TlTULUS
1261 383 1444 473 CXLlll.
1488 379 1759 511 Providentia
1804 379 1909 478 Dei.

764 523 2123 566 ι--ὴ--ι--ι--ω--ι--ι-η-κ--Δ--Ἧ-

762 643 826 694 rea
850 644 939 712 sua,
958 633 1000 694 et
1020 619 1142 694 facere
1163 622 1328 717 majora,
1354 618 1407 692 ait
1432 617 1489 694 illi
1516 619 1618 694 De’us
1638 643 1647 688 ε
1670 617 1814 714 Stulte,
1839 619 1916 696 hae
1940 640 2045 705 noete
2064 659 2122 709 re.

761 729 891 814 petent
905 715 1044 792 diaboli
1065 719 1230 792 animam
1252 731 1357 791 taam
1384 728 1478 804 ate,
1502 727 1539 792 et
1557 740 1645 813 quae
1673 717 1879 812 eggregisti
1900 733 1976 797 ete.

563 845 627 900 nuc.
648 843 686 913 ¹l·
809 813 1005 910 Emptorss
1026 814 1129 890 villas
1152 811 1199 887 ‘et
1221 813 1362 906 boum,
1389 826 1426 886 et
1444 813 1525 906 ille,
1543 813 1610 911 qui
1634 837 1793 886 onmem
1812 841 1924 892 suam
1950 821 2119 925 duxerat,¹

760 911 885 983 vocati
917 909 962 982 ad
992 933 1135 984 coenam
1159 911 1312 984 Domini
1336 935 1375 984 se
1397 921 1679 986 emanaverunt
1704 921 1889 1007 tauquam
1913 917 2002 994 aliis
2016 949 2113 1004 ooeu..

759 1007 848 1101 peti.
878 1007 1064 1102 Pauperes
1084 1019 1266 1082 autemst
1289 1006 1429 1080 debiles
1450 1004 1607 1080 fnemrnt
1629 1003 1847 1082 introducti.

563 1123 626 1180 Luc.
652 1144 690 1197 ¹9·
808 1099 950 1174 Videns
966 1105 1151 1176 Dominus
1171 1105 1362 1179 civitatem
1384 1101 1591 1176 Jerusalem
1609 1125 1699 1198 paee
1718 1110 1917 1202 temporali
1940 1111 2107 1196 fruentem

760 1209 797 1270 et
816 1212 1107 1294 superventuras
1128 1200 1296 1273 miserias
1313 1199 1570 1295 ignorantem,
1586 1199 1693 1274 flevit
1710 1227 1825 1298 super
1834 1204 1957 1305 illam,
1976 1211 2106 1291 disens:

759 1293 906 1390 Quiasi
927 1295 1163 1391 cognovisses
1181 1307 1219 1368 et
1240 1307 1308 1390 tn,
1331 1295 1470 1370 scilicet
1491 1295 1610 1372 fleres.

561 1411 652 1468 Actor.
674 1431 713 1468 η.
808 1389 903 1464 Cum
914 1391 1077 1488 populus
1092 1389 1230 1466 Herodi
1241 1416 1377 1488 magno
1387 1391 1480 1488 regi,
1500 1397 1638 1470 vestito
1652 1404 1759 1469 veste
1777 1398 1908 1493 regali,
1924 1415 1960 1475 et
1974 1405 2100 1482 sedenti

757 1485 826 1584 pro
842 1487 1024 1560 tribunali
1048 1488 1267 1562 acclamaret
1290 1489 1435 1562 :Voces
1464 1489 1534 1571 Dei
1557 1505 1594 1566 et
1611 1512 1689 1564 non
1712 1489 1875 1567 hominis
1891 1520 1901 1564 :
1917 1499 2096 1576 confestim

754 1577 939 1692 percussit
957 1605 1046 1660 eum
1071 1585 1225 1683 angelus
1246 1587 1422 1682 Domini,
1440 1599 1478 1661 et
1500 1599 1747 1685 consumptus
1764 1613 1786 1664 a
1805 1592 1982 1669 vermibus
1996 1599 2095 1692 erpi.

754 1690 886 1754 ravit„

1112 1865 1480 2005 minutus
1535 1919 1754 2010 oxmn.

1235 2041 1506 2132 Prouidentia
1540 2047 1639 2136 Dei.

751 2161 881 2302 Mira
915 2239 971 2304 est
1002 2229 1073 2306 Dei
1099 2232 1344 2310 Providentia
1378 2239 1420 2314 in
1457 2244 1742 2322 conservatione
1774 2259 1812 2323 et
1847 2251 2090 2347 gubernatione

750 2323 885 2402 mundi
897 2337 971 2398 tam
990 2327 1113 2424 quoad
1126 2341 1265 2406 statum
1282 2359 1393 2408 suum
1407 2335 1633 2430 naturalem,
1645 2367 1759 2436 quarn
1772 2348 1897 2442 quoad
1906 2349 2085 2444 politicum.

551 2439 623 2492 cce.
638 2441 730 2512 7.ua.
798 2419 933 2494 Eluxit
954 2420 1058 2518 haec,
1077 2425 1170 2500 dum
1182 2425 1259 2500 Noe
1276 2453 1363 2504 cum
1375 2443 1454 2507 teta
1467 2457 1534 2506 sua
1550 2431 1740 2514 familiaet
1751 2445 1923 2518 omnibus
1936 2446 2086 2519 animan-

748 2513 851 2589 tibus
868 2523 1106 2598 conservavit
1124 2523 1165 2596 in
1177 2547 1261 2598 arca
1281 2527 1329 2598 ab
1339 2528 1544 2602 universali
1561 2529 1729 2629 diluvio,
1743 2563 1858 2634 quam
1871 2568 1973 2639 super
1985 2567 2084 2640 aquas

748 2609 910 2704 direxit,
936 2627 974 2688 et
992 2615 1144 2694 demum
1169 2622 1401 2717 requiescere
1422 2624 1511 2698 fecit
1533 2653 1645 2722 super
1667 2648 1814 2710 montes
1840 2639 2022 2712 Armenia.

498 2713 502 2724 '
549 2727 711 2785 mn.121.
796 2706 984 2783 Abraham
1004 2738 1042 2786 se
1065 2726 1188 2788 totum
1209 2720 1395 2793 commisit
1416 2721 1567 2796 Divina
1581 2723 1850 2824 Providentia,
1869 2736 1983 2828 piinrd
1999 2735 2080 2810 dum

548 2815 617 2867 cen.
641 2833 686 2870 αι.
745 2801 873 2899 jussus
893 2805 968 2880 fuit
979 2813 1085 2886 exire
1103 2811 1150 2886 de
1166 2823 1265 2888 terra
1282 2841 1370 2910 aaa,
1386 2815 1521 2894 deinde
1538 2845 1625 2894 cum
1651 2823 1748 2900 Deus
1763 2829 1817 2900 illi
1856 2829 1994 2922 rmoepit
2010 2831 2080 2902 im-

744 2899 884 3000 molare
902 2900 1024 3005 filiam
1047 2933 1161 2978 snum
1182 2910 1444 3006 unigenitum,
1464 2913 1507 2988 in
1524 2941 1601 3012 quo
1622 2929 1741 2995 tamen
1758 2922 1811 2998 illi
1840 2924 1891 2996 uit
1904 2924 2071 3018 promissa

716 2989 724 3006 '
743 2988 1033 3064 innumerabilis
1048 2998 1255 3090 posteritas.
1364 3029 1367 3036 ·

546 3109 613 3164 aen.
624 3107 667 3164 50.
681 3125 725 3165 20,
791 3081 965 3160 Permisit
988 3087 1090 3164 Deus
1123 3091 1262 3190 loseph
1295 3099 1550 3182 Patriarcham
1576 3137 1599 3184 a
1623 3110 1805 3190 fratribus
1830 3116 1964 3210 vendi,
1990 3131 2024 3193 et
2045 3121 2082 3192 in

741 3178 944 3346 AEggptum
962 3184 1128 3308 perduci,
1147 3191 1195 3262 ob
1217 3192 1325 3268 illum
1342 3197 1481 3295 finem,
1501 3232 1613 3301 quem
1632 3209 1772 3308 Joseph
1786 3213 1864 3310 ipse
1881 3213 2013 3296 indicat
2030 3215 2085 3288 ltis

739 3297 809 3362 ver
834 3303 889 3371 n,
919 3279 1060 3376 quibus
1078 3297 1213 3362 iratres
1230 3315 1318 3366 suos
1341 3307 1397 3367 est
1421 3298 1630 3380 allocutus:
1656 3306 1734 3382 Vos
1757 3311 1942 3406 cogitistis
1967 3309 2008 3384 de
2030 3337 2082 3384 me

737 3370 902 3466 nudum,
919 3377 983 3449 sed
1010 3378 1112 3453 Deus
1144 3385 1260 3458 vertit
1284 3387 1377 3462 illud
1407 3394 1450 3467 in
1480 3396 1640 3496 bonum,
1669 3415 1713 3477 ut
1754 3407 1938 3482 exaltaret
1963 3433 2033 3502 me,
2049 3419 2083 3484 et

404 3537 407 3545 .
738 3467 861 3542 salvos
889 3469 1027 3548 lbcerm
1062 3477 1201 3554 multos
1235 3485 1407 3580 populos:

480 3613 482 3618 ,
540 3575 628 3630 Esou.
646 3597 675 3633 η.
780 3567 935 3736 ⁸lllolzrsas
968 3573 1152 3682 parvulus
1169 3581 1171 3586 ’
1187 3577 1338 3654 flamini
1375 3586 1416 3656 in
1455 3586 1592 3668 fiscella
1624 3600 1820 3692 expositus
1847 3600 2086 3676 invenitura

735 3659 813 3735 filia
870 3662 1284 3786 haraon1s‚etignotae
1311 3676 1501 3781 foemina,
1534 3715 1619 3816 qum
1648 3703 1774 3768 tamen
1808 3698 1956 3795 Moysis
1981 3709 2087 3774 mater

735 3773 834 3849 erat,
860 3765 1106 3839 nutriendum
1128 3770 1300 3846 tradnur.

535 3855 621 3910 ond·
643 3861 682 3914 ιθ·
782 3853 887 3928 Filiis
909 3859 1022 3932 lsrael
1047 3887 1115 3959 per
1144 3867 1191 3958 do
1209 3893 1328 3944 annos
1349 3872 1387 3944 in
1407 3875 1559 3954 deserto
1581 3883 1678 3979 pluit
1701 3911 1839 3961 marina
1868 3889 1915 3964 ad
1942 3889 2094 3966 mandu-

589 4053 591 4058 .
734 3949 896 4025 candum
914 4008 925 4046 ‚
946 3969 983 4030 et
1005 3983 1141 4055 aquam
1164 3963 1210 4034 da
1235 3979 1341 4060 petra
1365 3971 1619 4054 abundantem
1642 3981 1689 4054 ad
1713 3983 1922 4060 bibendum
1951 3986 2093 4060 eduxit.

531 4057 613 4110 Deus.
630 4075 673 4128 29.
686 4061 711 4115 s.
780 4047 996 4126 Eorundem
1015 4057 1239 4132 uestimenta
1260 4075 1340 4138 toto
1365 4065 1430 4140 illo
1452 4083 1618 4170 tempore
1642 4103 1722 4155 non
1738 4095 1829 4160 sunt
1853 4085 2010 4182 attrita,
2033 4107 2094 4160 rre-

731 4167 806 4242 que
837 4144 1083 4224 calceamenta
1100 4166 1287 4230 vetustate
1307 4181 1538 4263 consumpta.
2131 4183 2135 4194 ’

529 4236 571 4290 rs.
588 4237 642 4308 ¹04·
659 4243 701 4315 32·
778 4241 872 4314 Item
897 4245 1027 4320 nullus
1052 4273 1182 4322 eorum
1204 4279 1271 4349 per
1296 4267 1417 4332 totum
1449 4263 1521 4338 iter
1542 4243 1710 4367 unquam
1737 4281 1956 4369 egrotavit.

527 4355 549 4394 n
573 4343 636 4415 neg.
654 4365 683 4418 9.
725 4337 862 4506 lsddlss
876 4391 885 4434 ,
905 4337 998 4415 dum
1012 4345 1139 4417 asinas
1157 4351 1274 4445 patris
1294 4355 1354 4428 sui
1366 4357 1531 4452 perditas
1552 4371 1710 4465 quaerit,
1731 4372 1900 4467 ungitur
1916 4377 1962 4452 in
1975 4385 2095 4471 regent
