4310 5472
376 333 638 423 UTULUS
676 335 813 421 LXV.
859 333 1110 422 Humilitas.
1221 463 1224 466 ¹
1339 375 1411 453 117

56 577 192 636 catum
211 557 359 655 populi,
375 577 487 720 quem
514 559 639 628 ta'men
658 555 870 651 imponebat
889 553 947 642 ei,
976 575 1047 624 uec
1068 554 1273 649 acquievit,
1298 557 1415 630 donec

53 656 271 729 Dominum
289 651 380 726 intel
395 652 535 726 exisset
550 652 699 744 iratum
721 649 831 724 Unde
848 661 978 722 textus
995 649 1141 722 :Iratus
1155 663 1211 724 est
1230 652 1422 730 Dominus,

51 753 97 824 in
130 755 194 822 Mo
225 773 292 822 sen
316 759 385 822 eto.
841 752 843 760 ’
971 779 975 784 ·
1409 818 1413 824 .

105 849 174 916 Mo
196 777 262 918 bes
284 843 376 918 utile
398 841 599 916 consilium
622 840 757 936 pagani
783 839 948 914 bounoi's
976 865 1055 915 non
1076 839 1274 936 despexit,
1295 839 1359 915 sed
1381 844 1580 918 ciamare..

51 938 170 1013 hum'
187 939 259 1012 iter
348 937 481 1011 uievit.

106 1037 175 1106 Mo
205 1059 262 1106 ses
278 1030 430 1106 virebat
447 1055 485 1101 se
500 1026 637 1098 habere
652 1027 830 1102 ducatum
847 1031 1000 1102 Domini
1015 1033 1225 1126 specialem,
1240 1043 1414 1106 ettamen
1432 1063 1512 1116 Num.
1536 1081 1582 1115 10„
1619 1037 1622 1044 “

51 1153 139 1202 non
184 1127 429 1221 edignabatur
442 1145 571 1216 rogare
585 1121 691 1194 Obad
708 1121 830 1197 filium
844 1125 1091 1218 linguebant
1108 1150 1233 1200 secum
1249 1129 1414 1220 reniret,

55 1233 95 1293 et
121 1221 261 1293 ductor
281 1217 411 1314 populi
429 1227 535 1288 esset.
1266 1241 1271 1246 ·

110 1313 269 1385 Gedcon
287 1311 426 1407 Augelo
441 1310 579 1382 dicenti
594 1309 665 1381 sibi
685 1335 692 1380 :
709 1311 833 1404 Vade,
849 1311 891 1384 in
910 1309 982 1382 hac
1001 1308 1221 1385 fortitudine
1240 1325 1307 1386 tua
1327 1313 1415 1388 libe-
1430 1331 1517 1386 tutte.
1533 1335 1564 1384 o.

54 1407 165 1480 rabis
188 1407 319 1498 Israel,
336 1405 527 1500 respoudit
545 1430 553 1473 ε
569 1406 663 1476 Ecce
681 1404 824 1478 familia
840 1431 924 1479 mea
943 1404 1076 1478 infima
1091 1420 1147 1479 est
1167 1409 1209 1481 iu
1228 1413 1413 1502 Manasse',

56 1514 96 1576 et
119 1525 189 1610 ego
210 1503 389 1586 minimus
405 1501 446 1573 in
466 1499 577 1572 domo
601 1501 717 1594 patris
739 1502 823 1573 mei.
992 1521 1000 1532 ·

107 1595 195 1667 Viri
215 1595 395 1691 Ephraim
417 1599 609 1690 jurgantes
631 1593 779 1667 fortiter
799 1607 837 1668 et
868 1593 1005 1668 tumidi
1031 1608 1161 1669 contra
1182 1597 1559 1693 Gedeonem,1„ffi„0‚

55 1689 181 1763 sedati
202 1689 359 1762 fuerunt
380 1715 448 1786 per
473 1694 554 1786 ejus
581 1703 815 1764 mansuetam
842 1701 880 1764 et
908 1689 1092 1763 humilem
1120 1695 1409 1787 responsionem.

105 1785 302 1857 Dixerunt
316 1811 445 1858 omnes
457 1783 525 1857 filii
541 1783 654 1856 lsrael
668 1783 715 1857 ad
727 1785 939 1858 Gedeonem
953 1786 1169 1858 :Dominare
1182 1790 1300 1860 nostri
1316 1801 1359 1862 tu
1372 1802 1410 1861 et
1426 1799 1538 1860 itidem.

54 1875 164 1950 filius
176 1891 276 1950 tuus.
289 1879 438 1967 Quibus
448 1880 574 1954 illeait
586 1903 593 1947 :
606 1877 688 1950 Non
701 1879 957 1953 dominabitur
966 1882 1008 1950 in
1021 1904 1088 1954 vos
1104 1881 1205 1956 filius
1218 1909 1323 1956 meus
1340 1897 1407 1957 eto

109 1971 370 2046 Humilitatem
385 1972 628 2069 protendebat
646 1974 735 2064 Saul
748 1975 790 2046 in
811 2000 920 2070 opere
942 1985 979 2045 et
1002 1999 1187 2069 sermone,
1207 1991 1408 2074 antequam
1428 2025 1452 2059 ι.
1470 2011 1580 2077 new„

57 2076 203 2138 unctus
215 2077 310 2138 esset
324 2068 366 2138 in
385 2085 526 2162 regem,
537 2067 688 2161 quando
702 2071 891 2162 quaerebat
908 2069 1031 2140 asinas
1048 2073 1181 2163 patris,
1197 2085 1234 2143 et
1251 2097 1411 2144 excusa-
1567 2068 1571 2073 ’

57 2157 127 2226 bat
147 2183 186 2226 se
205 2160 304 2250 apud
322 2161 538 2231 Samuelem.
560 2163 609 2232 Et
623 2175 751 2266 postea
765 2163 908 2240 dictam
925 2174 982 2235 est
999 2164 1033 2234 ei
1051 2188 1128 2258 cap.
1153 2167 1206 2236 15.
1224 2165 1409 2259 ejusdem:

57 2247 198 2413 thionne
215 2273 303 2322 cum
316 2250 499 2346 parvulus
514 2273 611 2320 esses
626 2275 669 2321 rn
683 2255 801 2323 oculis
815 2257 910 2342 tuis,
929 2269 1039 2344 caput
1057 2259 1098 2327 in
1113 2259 1287 2332 tribubus
1298 2259 1412 2331 Isra'el

100 2353 186 2414 ctus
209 2354 264 2414 est
286 2357 353 2414 etc.
1265 2393 1269 2410 .

109 2435 252 2528 David,
263 2436 348 2508 licet
359 2461 427 2530 per
436 2436 642 2508 Samuelem
655 2449 752 2508 esset
765 2449 900 2510 unctus
912 2439 952 2510 in
965 2461 1105 2533 regem,
1115 2449 1241 2511 tamen
1254 2439 1299 2511 de
1312 2463 1416 2513 man·
1435 2489 1458 2522 ι.
1472 2475 1542 2544 neg..
1552 2491 1599 2546 ¹⁷·-

59 2529 150 2602 dato
166 2531 282 2626 patris
293 2529 463 2626 portabat
479 2530 658 2604 victualia
677 2529 872 2619 fratribus,
892 2533 1030 2624 quibus
1048 2532 1263 2625 praeelectus
1279 2533 1411 2607 inerat.

108 2624 234 2734 David
252 2624 468 2702 humiliavit
491 2651 531 2698 se
557 2649 680 2698 coram
699 2623 827 2716 Saule,
850 2624 1001 2719 quando
1020 2624 1177 2698 debebat
1197 2627 1279 2698 fieri
1300 2635 1417 2723 gener.
1433 2667 1455 2700 ι.
1468 2653 1530 2719 neg.
1547 2652 1587 2704 ra

59 2744 168 2814 regis.
498 2750 500 2758 ¹
826 2803 829 2810 ¹

108 2817 204 2888 Item
225 2826 262 2888 et
288 2840 413 2890 coram
439 2841 563 2904 servo,
586 2813 743 2888 audiens
765 2813 870 2911 quod·
891 2813 1125 2888 malediceret
1147 2818 1182 2888 ei
1206 2817 1335 2889 Sernei.
1428 2861 1453 2895 α.
1470 2848 1532 2914 neg.
1551 2848 1597 2897 ro..

108 2911 157 2982 Et
174 2935 300 2984 coram
322 2913 419 3003 Deo,
439 2910 592 3008 quando
608 2909 764 3006 ,saltavit
788 2922 874 2983 ante
892 2935 1031 2998 arcam,
1058 2923 1095 2982 ct
1127 2911 1278 3006 quando
1303 2911 1410 2985 venit
1427 2950 1453 2986 a.
1467 2935 1530 3004 neg.
1546 2954 1571 3004 t·

60 3001 212 3110 Nathan
227 3005 274 3076 ad
296 3008 602 3098 eum,nuncians
618 3008 652 3077 ei
667 3005 913 3078 voluntatem'
921 3007 1091 3097 Domini,
1106 3004 1152 3077 de
1164 3009 1422 3103 perpetuitate

61 3120 103 3164 re
126 3119 176 3164 nr.
1106 3141 1116 3158 .

105 3119 312 3258 humiliter
342 3214 400 3260 res
427 3187 533 3261 ondit
563 3187 844 3282 Mephiboseth,
865 3192 995 3287 inique
1026 3206 1218 3264 accusatus
1246 3219 1269 3263 a
1301 3221 1595 3288 servo-amaena.

66 3305 148 3372 suu,
168 3291 205 3352 et
236 3277 384 3351 exhaere
410 3294 494 3353 atus
519 3283 670 3375 injuste.
1003 3355 1005 3358 ,
1406 3346 1410 3352 ,

116 3375 241 3450 Achab
271 3399 342 3446 rex
371 3374 672 3447 sceleratissimus
698 3375 837 3467 lsrael,
862 3379 1016 3450 audiens
1046 3403 1197 3473 poenam
1235 3378 1305 3449 sibi
1340 3405 1410 3472 pro
1427 3399 1526 3465 atteg.
1542 3413 1584 3450 at.

68 3470 285 3544 criminibus
305 3465 564 3560 infligendam,
590 3463 811 3540 humiliatus
834 3483 891 3540 est
910 3497 1034 3542 coram
1060 3472 1241 3541 Domino:
1258 3483 1409 3564 propter

68 3565 139 3636 hoc
153 3562 336 3633 Dominus
353 3560 456 3634 illam
545 3583 632 3630 nam
658 3559 867 3652 aliqualiter
886 3563 1099 3636 minoravit.
1419 3550 1444 3586 ⁸

116 3657 290 3748 Princeps
304 3653 384 3746 ille,
400 3655 466 3750 qui
514 3651 679 3726 umiliter
692 3652 841 3725 locutus
857 3667 912 3726 est
928 3655 973 3726 ad
984 3655 1124 3745 Ellam,
1143 3679 1221 3746 non
1242 3653 1316 3727 fnit
1333 3667 1414 3744 tac-7
1426 3672 1451 3728 t·
1469 3656 1602 3733 Rer·.1..’

71 3765 132 3824 tus
143 3752 187 3821 ab
199 3751 304 3844 igno,
316 3751 412 3822 sicut
423 3749 486 3822 alii
496 3748 573 3820 duo
584 3748 908 3843 quinquagenarii,
920 3752 987 3845 qui
997 3761 1178 3822 venerant
1189 3761 1275 3822 ante
1290 3749 1406 3822 illum.

118 3845 277 3918 Veniens
296 3844 342 3916 ad
356 3843 555 3916 Jordanem
573 3843 744 3934 Elisaeus,
763 3845 883 3938 primo
897 3845 1078 3940 percussit
1096 3869 1210 3940 aquas
1231 3843 1327 3916 nihil
1350 3843 1410 3917 di·
1425 3858 1450 3924 t.
1462 3861 1525 3929 neg.
1542 3875 1574 3912 ο..
1640 3869 1646 3874 ·

74 3965 170 4030 cens,
192 3953 228 4012 et
248 3965 326 4012 non
347 3950 437 4012 sunt
454 3937 586 4014 divisae
604 3963 721 4033 aquae.
740 3939 883 4014 Deinde
904 3940 1096 4016 invocavit
1114 3963 1251 4013 nornen
1272 3941 1408 4034 magis-

74 4035 122 4106 tri
150 4033 225 4124 sui,
247 4047 283 4106 et
309 4035 438 4110 divisae
463 4045 551 4106 sunt
577 4056 694 4130 aquae.

120 4129 275 4223 Semejas
304 4127 499 4224 propheta,
530 4126 630 4200 dixit
655 4128 702 4202 ad
733 4129 895 4203 Roboam
921 4143 959 4204 et
982 4131 1165 4226 principes
1188 4133 1270 4226 ejus
1291 4154 1299 4199 ε
1320 4129 1407 4202 Haec
1424 4135 1543 4194 amru.
1560 4157 1610 4193 12·-

74 4221 158 4296 dicit
177 4223 384 4298 Dominus:
407 4223 485 4314 ‚Yos
498 4221 710 4321 relinquitis
735 4249 816 4322 me,
834 4238 872 4301 et
894 4251 960 4326 ego
988 4225 1197 4324 relinquam
1219 4249 1298 4305 vos.
1331 4225 1410 4326 Qui
