4464 5464
724 435 807 523 stt
1008 429 1274 521 TITULUS
1314 427 1494 520 CXXV.
1533 413 1801 540 Paupertas*

476 627 478 634 ’
529 692 628 746 sus.
649 687 693 757 ³9.
757 647 832 734 'ue
856 645 975 772 peu·
986 681 1212 758 pauperum,
1233 656 1301 756 qus
1321 641 1421 730 nun
1446 656 1598 754 putu,
1624 652 1832 744 habebunt,
1854 648 2009 731 diniu‘t
2026 653 2106 734 ru„
2206 603 2207 618 *

536 969 602 1022 Luc·
624 984 652 1020 a.

536 1423 635 1494 mich.
650 1453 676 1490 a.

727 756 944 831 buzaradan
964 779 1007 830 1n
1024 767 1134 830 terra.
1155 753 1387 852 Pauperibus
1403 777 1490 850 ergo
1506 751 1688 850 pepercit,
1702 747 1841 826 divite
1857 759 1899 823 et
1920 763 2104 849 potentes

729 851 888 948 occidit,
916 851 979 928 vel
1001 853 1168 951 captivos
1189 853 1232 925 in
1261 849 1495 950 Babylonem
1516 847 1642 922 duxit.

777 947 1005 1046 Exemplum
1038 947 1267 1048 paupertatis
1294 946 1463 1020 amandae
1488 945 1672 1018 habemus
1704 944 1750 1018 in
1781 942 1944 1018 Domino
1968 945 2095 1026 salva-

729 1057 833 1136 tore,
863 1046 931 1142 qui
960 1043 1035 1118 fuit
1067 1045 1114 1118 de
1148 1069 1310 1141 paupere
1339 1053 1460 1116 matre
1495 1053 1629 1133 natus,
1667 1051 1705 1114 et
1734 1065 1758 1112 a
1793 1053 1950 1136 paupere
1974 1041 2094 1118 fabro

730 1143 918 1236 nutritus,
937 1139 1111 1214 decenter
1121 1153 1249 1236 pastus
1261 1194 1273 1231 ,
1287 1136 1363 1214 fuit
1383 1138 1519 1236 pannis
1542 1163 1623 1212 non
1636 1136 1798 1235 pellibus
1817 1136 2024 1232 involutus,
2041 1150 2084 1214 et

730 1240 773 1313 in
793 1238 972 1349 praesepio
994 1237 1221 1329 inclinatus,
1241 1247 1281 1310 et
1301 1249 1407 1332 post,
1433 1236 1475 1310 in
1490 1233 1750 1331 purificatione
1765 1231 1814 1305 V'
1865 1232 1871 1247 '
1906 1233 1936 1306 's
1962 1233 2090 1332 glorio·

733 1359 799 1427 sae,
814 1335 1041 1408 oblationem
1056 1357 1264 1430 pauperum
1278 1344 1452 1429 parentes
1470 1355 1540 1428 pro
1557 1355 1602 1404 eo
1612 1330 1655 1404 in
1671 1328 1810 1426 templo
1823 1355 1849 1403 o
1874 1328 2059 1406 tulenmt.

781 1433 877 1504 Item
908 1429 984 1503 cito
1016 1439 1116 1526 post,
1157 1426 1298 1528 Joseplr
1319 1453 1408 1504 cum
1434 1451 1553 1526 puero
1584 1438 1623 1501 et
1652 1439 1773 1501 matre
1797 1425 1886 1524 ejus
1915 1423 2015 1524 fugit
2051 1431 2099 1503 in

612 1597 616 1604 .
733 1529 777 1601 AE
830 1539 951 1624 ptum.

479 1667 481 1676 ι
537 1631 649 1686 ΜΗ.

812 1647 880 1694 um
903 1618 1027 1696 factus
1056 1633 1153 1696 esset
1185 1647 1281 1720 puer
1310 1621 1420 1696 Jesus
1448 1644 1636 1694 annorum
1662 1615 1878 1710 duodecim,
1908 1623 2101 1696 remansit

734 1721 776 1793 in
799 1717 1028 1808 Jerusalem,
1065 1717 1261 1812 ignorante
1292 1718 1409 1790 Maria
1438 1728 1475 1790 et
1503 1713 1654 1812 loseph.
1682 1717 1755 1790 Per
1785 1713 1883 1814 quod
1913 1731 2098 1814 apparet,

735 1811 837 1912 quod
860 1837 1032 1909 magnam
1058 1812 1240 1916 familiam
1260 1841 1284 1888 o
1300 1838 1338 1888 m
1363 1812 1552 1888 hebebant
1571 1811 1620 1885 ad
1637 1811 1897 1886 associandum
1909 1835 2074 1910 puerum
2085 1869 2104 1909 ,‚

734 1907 799 1985 vel
825 1905 872 1982 ad
893 1909 929 1984 ei
950 1907 1203 1984 serviendum.

785 2003 979 2080 Circuiens
997 2003 1107 2078 Jesus
1134 2006 1307 2081 civitates
1324 2016 1363 2081 et
1383 2003 1559 2098 castella,
1580 2029 1660 2080 non
1685 2001 1869 2096 habebat,
1896 2005 1965 2080 ubi
1986 2019 2096 2108 capnt

736 2099 956 2195 reclinaret,
978 2099 1080 2176 unde
1108 2101 1187 2176 ait:
1223 2101 1367 2200 Vulpes
1399 2101 1528 2180 foveas
1555 2101 1697 2176 habent
1727 2111 1799 2176 etc.
1821 2101 1944 2180 Filius
1972 2117 2098 2182 autem

736 2196 903 2274 hominis
925 2221 1006 2272 non
1027 2195 1164 2294 habet,
1185 2197 1254 2274 ubi
1281 2209 1394 2297 ceput
1422 2225 1536 2276 suum
1557 2198 1725 2273 reclinet.

674 2329 684 2344 ·
785 2295 835 2368 Et
854 2295 899 2367 in
918 2292 1014 2389 fine,
1035 2292 1164 2408 nudus
1185 2319 1371 2412 appensus
1393 2307 1450 2371 est
1470 2296 1513 2370 in
1533 2319 1662 2378 cruce,

783 2390 968 2488 Discipuli
995 2416 1064 2487 pro
1091 2416 1130 2464 m
1169 2415 1227 2466 ors
1262 2403 1367 2490 parte
1393 2392 1442 2466 de
1468 2403 1571 2466 statu
1594 2385 1826 2492 paupertatis
1850 2391 2003 2472 luerunt
2034 2419 2104 2469 as*

737 2488 894 2658 suppli,
915 2486 1080 2566 lacobus
1098 2501 1136 2566 et
1173 2513 1316 2568 oannes
1334 2488 1550 2564 reficiebant
1570 2489 1678 2566 retia.
1700 2489 1749 2564 Et
1770 2489 1859 2564 Luc.
1876 2489 2111 2569 slavabant.

737 2611 778 2659 re
795 2608 842 2658 ra.

581 2681 596 2716 ⁰
642 2697 655 2716 ··
784 2679 831 2750 ln
844 2703 1014 2753 sermone
1023 2681 1178 2758 Domini
1191 2682 1233 2756 in
1243 2691 1371 2758 monte
1382 2673 1548 2780 primum
1606 2683 1714 2759 nitur
1723 2683 1996 2758 commendatio
2007 2709 2101 2781 pau·

735 2773 914 2871 perlatis:
934 2777 1045 2875 quasi
1060 2777 1074 2856 i
1102 2802 1144 2852 sa
1160 2792 1257 2856 esset
1271 2781 1388 2856 totius
1406 2781 1541 2878 spiritu
1581 2779 1588 2796 '
1630 2778 1773 2856 edificii
1786 2776 2105 2854 fundamentum..

784 2869 1043 2978 luterucaetere
1089 2970 1092 2980 Ι
1127 2874 1212 2950 risti
1237 2873 1418 2950 miracula
1443 2877 1598 2976 ponitur
1617 2897 1751 2985 unum,
1772 2869 1874 2980 quod
1898 2895 2096 3038 psssgpm

737 2985 832 3034 evan
857 2961 1734 3067 eruebantur,eoqu0danteadveutumepsua
1747 2965 1828 3044 lien
1841 2990 1919 3042 non
1986 2967 2089 3040 ebat.

633 3096 641 3112 ·
661 3080 670 3114 ι
696 3095 703 3114 ›
786 3057 817 3128 A
845 3053 1023 3136 olescenti
1044 3058 1090 3134 de
1107 3061 1281 3164 ingressu
1302 3061 1350 3138 ad
1367 3066 1487 3144 vitam
1506 3079 1681 3144 eternam
1695 3065 1880 3178 querenti
1894 3061 1998 3136 dixit
2012 3061 2098 3136 Du-

736 3153 864 3227 minus
877 3178 886 3225 :
901 3153 939 3226 si
956 3155 1017 3230 vis
1029 3182 1109 3234 esse
1123 3157 1331 3258 perfectus,
1343 3159 1438 3244 vade.
1456 3177 1494 3240 et
1510 3163 1636 3244 vende
1651 3183 1846 3254 umverse,
1859 3183 1946 3258 quoe
1960 3155 2107 3258 habes,
2209 3237 2210 3240 ,

578 3360 585 3374 Ι
737 3261 775 3330 et
803 3249 851 3366 da
874 3253 1135 3350 pauperibus

619 3378 644 3414 m

784 3351 920 3426 Muam
937 3351 1278 3430 remunerationem
1296 3357 1482 3452 promittit
1495 3355 1682 3434 Dorninus
1699 3355 1827 3434 omnia
1840 3349 2104 3450 derelinquen-

736 3443 839 3543 tibus
857 3457 1009 3556 propter
1023 3473 1162 3525 nomen
1182 3449 1312 3546 ipsius.

564 3555 596 3592 ¹¹⁶
626 3555 636 3591 ¹
786 3539 842 3614 De
863 3541 929 3616 rllo
955 3540 1099 3620 famoso
1118 3571 1281 3646 paupere
1305 3549 1465 3645 Lauare,
1491 3551 1533 3626 in
1562 3551 1689 3628 sinum
1711 3546 1873 3624 Aurata
1894 3545 1942 3619 ab
1963 3545 2104 3660 angelis

737 3635 948 3736 deportato,
967 3639 1118 3718 nullum
1139 3641 1242 3719 aliud
1263 3645 1419 3744 justitie
1440 3673 1550 3744 opus,
1570 3645 1636 3722 vel
1659 3669 1810 3722 causam
1833 3642 1964 3742 glonae,
1985 3667 2101 3740 smp-

737 3743 824 3808 tura
845 3734 916 3810 alle
963 3762 1003 3812 re
1020 3737 1193 3832 videtur,
1212 3738 1287 3814 nisi
1309 3741 1412 3838 quod
1432 3743 1511 3844 ipse
1533 3755 1722 3842 receperat
1745 3738 1904 3816 malain
1926 3736 2001 3814 huc
2018 3737 2098 3816 sici

737 3829 898 3902 mortali.
954 3831 1076 3907 tideo
1099 3835 1202 3910 Deus
1223 3835 1343 3915 voluit
1368 3863 1456 3914 eum
1481 3839 1665 3916 consolari
1682 3841 1725 3918 in
1747 3837 1829 3914 alia.

562 3939 578 3972 ¹¹
605 3916 637 3972 '¹
659 3952 668 3970 ·
786 3921 975 4036 Pauperes
994 3939 1032 4002 et
1052 3929 1195 4008 debiles
1215 3930 1261 4006 ad
1284 3957 1430 4015 coenam
1452 3935 1555 4014 illam
1574 3935 1727 4012 Domini
1749 3955 1919 4030 magnum
1940 3927 2102 4006 fuerunt

737 4013 1003 4208 icpsstlffigimm
1028 4037 1066 4100 et
1094 4025 1255 4156 quidam
1275 4029 1321 4106 de
1347 4032 1421 4108 viis
1450 4046 1488 4110 et
1518 4033 1673 4132 sepibm
1695 4031 1874 4134 leguntur
1899 4027 1959 4105 ibi
1984 4024 2102 4106 fuisse

610 4217 624 4252 ¹
665 4232 674 4253 ·
789 4207 948 4303 Omnes,
965 4213 1033 4309 qui
1050 4211 1249 4295 credebant
1264 4223 1307 4297 in
1327 4223 1519 4320 primitiva
1537 4225 1725 4318 Ecclesia„
1746 4201 1856 4300 erant
1876 4219 2036 4336 pariter,
2056 4227 2100 4290 et

738 4299 927 4380 habebant
951 4311 1079 4384 omnia
1105 4321 1336 4412 communia,
1366 4319 1615 4418 possessiones
1641 4331 1679 4394 et
1705 4320 1934 4394 substantias
1952 4309 2104 4396 vendes

738 4397 848 4496 bant,
866 4414 904 4482 et
926 4401 1200 4492 distribuebant
1220 4414 1420 4515 omnibus,
1435 4429 1549 4522 prout
1570 4409 1708 4526 cuique
1729 4441 1824 4528 opus
1851 4423 1952 4508 eras
