4464 5464
297 436 567 548 TITULUS'
595 429 1042 544 CXXIV.''Patientia
1071 429 1117 533 in
1149 447 1344 534 adversis.
1423 475 1504 562 229

190 690 284 765 Gito-
301 679 429 774 oravit
453 689 603 786 Moyses
628 709 697 782 pro
727 680 863 773 Maria,
889 701 975 778 qnae
1002 689 1133 753 contra
1158 701 1246 752 eum
1271 683 1350 748 tam
1377 669 1509 766 inique
1527 683 1672 762 numa·

142 785 269 862 locuta
285 784 429 879 fuerat,
451 795 490 856 et
510 807 578 879 per
602 779 808 855 orationem
831 780 915 874 ejus
941 787 1070 849 sanata
1090 773 1176 852 fuit.
1272 867 1279 883 ·
1535 810 1542 826 ·
1643 861 1645 868 Ι

192 880 456 956 Murmurabat
480 875 643 976 populus
675 885 806 954 contra
828 877 987 972 Moysen
1013 885 1051 945 et
1076 873 1225 963 Aaron,
1243 867 1371 942 dicens
1395 887 1403 936 :
1430 861 1509 934 Vos
1529 871 1610 925 Num·
1632 869 1675 926 re.

146 975 387 1053 interfecistis
406 971 590 1073 populum
607 969 778 1059 Domini,
805 978 843 1042 et
863 993 951 1044 cum
976 969 1095 1043 iratus
1123 980 1219 1041 esset
1239 964 1445 1054 Dominus,
1465 966 1511 1057 ut

146 1082 360 1171 percuteret
380 1068 582 1167 populum,
609 1063 711 1138 dixit
732 1069 883 1162 Moyses
910 1061 957 1134 ad
978 1063 1103 1137 Aaron
1122 1087 1130 1133 :
1149 1065 1265 1160 Perge
1287 1061 1361 1133 cito
1383 1057 1430 1130 ad
1448 1079 1513 1150 po-

146 1167 301 1269 pulum,
324 1177 371 1238 ut
392 1187 499 1272 roges
526 1185 594 1257 pro
622 1159 695 1252 eis,
716 1171 755 1231 et
780 1158 967 1252 sequitur,
988 1158 1090 1254 quod
1111 1157 1217 1254 plaga
1243 1153 1454 1230 cessaverit.

196 1261 285 1334 Filii
305 1257 488 1354 Ephraim
510 1257 704 1353 jurgantes
721 1250 871 1326 fortiter
888 1263 1018 1324 contra
1036 1253 1267 1344 Gedeonem,
1292 1249 1411 1324 sedati
1430 1247 1516 1320 fue·
1533 1279 1620 1338 tudio.
1638 1285 1664 1340 g,

149 1366 245 1430 runt
262 1364 415 1450 propter
431 1351 514 1446 ejus
536 1362 772 1426 mansuetam
794 1346 1075 1446 responsionem
1097 1373 1105 1420 :
1124 1347 1227 1445 Quid
1244 1348 1346 1422 enim
1363 1345 1436 1420 tale
1458 1341 1516 1416 fa·

150 1471 235 1522 cere
304 1448 375 1541 tui,
397 1445 507 1544 quale
536 1471 606 1521 vos
628 1440 808 1518 fecistis?

200 1541 259 1616 No
274 1543 332 1615 uit
343 1541 529 1615 sustinere
540 1539 754 1637 Saul,quod
766 1536 1026 1648 occiderentur
1034 1541 1127 1633 viri,
1140 1541 1208 1638 qui
1218 1525 1460 1614 detrarierant
1470 1541 1515 1612 ei.
1538 1587 1562 1622 r.
1582 1571 1636 1642 n„
1658 1583 1699 1624 η,

200 1637 330 1710 Potuit
352 1633 476 1711 David
502 1635 662 1732 pluries,
689 1647 726 1708 et
751 1633 875 1707 nolmt
907 1636 1073 1725 occidere
1096 1635 1202 1729 Saul,
1228 1635 1354 1732 ipsum
1383 1637 1518 1712 acriter
1538 1683 1560 1717 1.
1577 1668 1640 1735 neg.
1665 1665 1711 1734 25.-

146 1741 456 1900 persqutentemti
483 1730 636 1898 quanslto
667 1719 825 1805 abscidit
852 1753 957 1806 oram
990 1729 1203 1834 chlamydis
1240 1732 1338 1825 ejus,
1364 1731 1517 1828 quando

145 1851 283 1901 invem
322 1851 410 1900 eum
456 1851 600 1903 ormren
619 1851 690 1900 em.
979 1845 981 1854 ’

198 1921 362 2017 Fugiens
382 1919 505 1994 David
525 1919 658 1994 aiacis
677 1919 856 2014 Absalon,
876 1920 1062 2030 patienter
1083 1922 1183 1997 dixit
1211 1921 1257 1995 ad
1280 1921 1424 2000 Sadooh
1447 1947 1456 1994 t
1480 1923 1516 1996 Si
1541 1965 1563 2000 t.
1588 1949 1652 2016 mg.
1679 1949 1719 2004 15.

148 2018 335 2187 pp‘pienepo
363 2016 580 2184 gratliamtin
597 2013 716 2089 oculis
736 2015 892 2091 oomim
911 2016 1065 2092 reducet
1082 2043 1153 2091 me.
1166 2020 1216 2092 Et
1234 2017 1282 2090 ad
1299 2019 1420 2093 Semei
1437 2042 1519 2092 ma·
1591 2023 1619 2066 ε*
1644 2019 1685 2069 ¹⁶·

222 2131 296 2185 'oen
314 2135 375 2184 em
401 2136 434 2184 s1
458 2133 473 2182 1
496 2135 564 2184 ec.

152 2204 458 2378 lamiphiboseth
475 2208 662 2304 patienter
680 2205 862 2281 sustinuit
877 2205 1048 2305 utiquam
1072 2205 1296 2284 sententiam
1323 2217 1455 2284 contra
1484 2222 1523 2280 se
1541 2251 1568 2288 2.
1587 2237 1655 2306 aeg.
1680 2255 1721 2309 19.

102 2479 110 2504 ,
191 2313 394 2476 tDiiierunt
407 2400 588 2492 seniores,
604 2397 737 2473 dantes
759 2393 958 2476 consitium
977 2397 1170 2471 Roboam:
1195 2397 1233 2470 Si
1251 2373 1435 2494 placueris
1455 2422 1525 2494 po·
1543 2433 1722 2488 „pum
1827 2449 1830 2458 .

149 2494 252 2608 pulo·
270 2495 398 2665 huic,b
412 2508 449 2570 et
476 2493 627 2570 lenieris
658 2517 721 2568 eos
752 2491 882 2570 verbis
919 2491 1189 2588 clementibus,
1215 2493 1321 2568 omni
1356 2505 1523 2590 tempore

151 2593 373 2666 sementti
398 2591 423 2666 i.

202 2687 401 2782 Homines,
423 2691 492 2786 qui
513 2697 698 2764 venerant
719 2686 768 2762 ad
793 2683 1016 2783 capiendum
1038 2685 1236 2780 Elisaaum,
1253 2709 1333 2758 non
1354 2683 1524 2782 permisit
1542 2709 1569 2778 4.
1595 2709 1658 2780 seg.
1676 2710 1704 2762 e.

150 2783 234 2882 ipse
254 2783 338 2857 illos
355 2783 406 2858 ali
432 2785 499 2858 uid
518 2785 608 2858 mali
631 2783 789 2878 habere,
811 2781 876 2858 sed
898 2783 1074 2882 praecepit
1095 2783 1150 2860 eis
1177 2806 1347 2858 mensam
1368 2780 1505 2881 apponi
1512 2833 1523 2874 ,

151 2891 191 2955 et
214 2877 371 2954 refectos
395 2906 420 2980 a
443 2879 498 2954 ire
529 2880 708 2993 permisit.
1261 2895 1264 2902 ’
1489 2887 1491 2894 “

201 2977 428 3051 Exooeoatus
450 2977 603 3070 Tobras,
629 2976 766 3051 miram
792 2975 1013 3072 patientiam
1042 2975 1206 3076 ostendit
1232 2997 1319 3073 erga
1346 2972 1523 3052 divinum
1539 2995 1600 3050 ros
1623 3012 1652 3050 s.
1668 2997 1694 3048 s.

153 3069 365 3230 flagellum,
385 3081 424 3141 et
449 3072 663 3142 irrisionem
693 3071 902 3145 amicorum
923 3083 962 3145 et
986 3073 1131 3146 uxoris.
1736 3101 1738 3106 ·

227 3158 375 3264 obfuit
405 3160 550 3254 patiens
575 3161 768 3254 perdendo
794 3185 865 3232 sua
891 3175 929 3233 et
948 3187 1052 3254 suos,
1078 3176 1116 3234 et
1142 3169 1251 3260 quasi
1277 3167 1452 3259 seipsum.
1474 3169 1524 3238 Et
1541 3200 1603 3254 rob,
1624 3217 1649 3250 1,
1669 3213 1700 3258 a,

158 3249 389 3344 notandum,
411 3250 514 3346 quod
540 3253 654 3324 semel
680 3251 807 3325 amisit
827 3255 928 3325 bona
950 3277 1019 3327 sua
1045 3265 1083 3326 et
1111 3255 1249 3331 liberos
1276 3285 1382 3352 suos,
1411 3261 1525 3332 etsie

159 3347 424 3430 vehementior
433 3343 508 3418 luit
519 3348 737 3420 tentationis
744 3345 922 3442 impetus.
940 3349 1035 3421 Item
1049 3347 1195 3446 illi,qui
1205 3364 1466 3425 remanserunt
1478 3355 1525 3424 de

159 3447 291 3522 amicis
303 3441 494 3542 suis,plus
511 3439 812 3544 eidesolationis,
829 3465 944 3538 quam
955 3441 1219 3520 consolationis
1235 3445 1526 3530 attulerunt,Ut

159 3543 463 3643 patetinuxore,
475 3550 512 3613 et
522 3535 650 3611 inillis
661 3537 803 3630 amieis,
814 3539 882 3633 qui
891 3537 1354 3613 fuerunteieonsolatores
1365 3541 1523 3614 onerosi.

210 3637 381 3712 Alacrem
413 3633 632 3733 patientiam
657 3631 918 3707 exhibuerunt
945 3633 1038 3722 socii
1065 3631 1251 3724 Danielis,
1278 3635 1384 3706 missi
1414 3637 1525 3730 jussu
1542 3657 1613 3710 ora.
1632 3659 1658 3710 a

160 3733 262 3830 regis
286 3733 328 3806 in
353 3730 544 3806 fornacem
562 3728 661 3827 ignis
686 3727 880 3803 ardentis:
905 3731 956 3804 Et
980 3739 1148 3822 tantum,
1178 3727 1241 3801 vel
1267 3729 1427 3826 amplius
1450 3727 1525 3805 fuit
1640 3745 1645 3754 “

161 3827 338 3904 laudatus
358 3829 461 3901 Deus
483 3849 534 3900 ex
551 3849 681 3900 eorum
702 3824 903 3923 patientia,¹
921 3850 1035 3924 quam
1056 3848 1108 3897 ex
1141 3825 1310 3900 Danielis
1332 3827 1522 3922 sapientia.

212 3923 308 3998 Filia
328 3921 499 4022 Raguelis
516 3922 626 4011 sara,
644 3945 796 4018 gravem
815 3921 1081 3998 contumeliam
1101 3921 1149 3993 ab
1167 3919 1302 3996 ancilla
1323 3919 1524 4032 prolatam,
1541 3957 1609 4010 m,
1631 3959 1659 4012 3,

164 4021 350 4118 patienter
379 4019 488 4115 tulit,
517 4017 617 4094 nihil
640 4015 889 4117 respondens,
917 4017 982 4095 sed
1013 4017 1141 4094 statim
1176 4015 1224 4090 ad
1248 4029 1454 4094 orationem
1484 4045 1522 4094 se

167 4127 401 4190 convertens
543 4175 545 4182 .
680 4141 686 4150 ·

217 4211 315 4284 Cum
331 4211 447 4309 plagis
459 4212 660 4311 puniretur
672 4211 892 4305 Eleazarus,
905 4209 1028 4286 dixit:
1047 4211 1225 4303 Domine,
1242 4221 1286 4284 tu
1308 4211 1398 4305 scis,
1415 4211 1523 4310 quia,
1541 4255 1568 4293 2.
1588 4241 1674 4296 ω,
1694 4239 1722 4296 e,
1765 4208 1769 4219 '

168 4329 257 4382 cum
269 4330 292 4379 a
306 4319 426 4382 morte
443 4333 589 4406 possem
599 4307 765 4404 liberari,
779 4307 893 4400 duros
904 4307 1026 4382 cordis
1038 4309 1205 4381 sustineo
1220 4305 1380 4401 dolores,
1394 4333 1525 4381 secun-

169 4401 265 4484 dnm
285 4404 451 4486 animam
469 4427 561 4500 xero
580 4415 732 4508 propter
756 4405 931 4502 umorem
950 4417 1083 4506 tutam,
1102 4403 1262 4488 libenter
1282 4401 1365 4482 heo
1390 4406 1526 4506 patior,
