4464 5464
251 479 254 488 ‚
339 553 342 560 ⁴
461 387 605 517 'LUS
645 405 865 518 CXXXV.
902 425 1168 521 Poenitentia
1197 423 1319 518 salsa.
1431 431 1519 569 'ait'

194 659 329 740 Petrus
366 661 554 740 Simonem
595 655 789 756 hortatur,
818 673 863 736 ut
894 661 1158 762 poenitentiam
1191 676 1293 762 agat,
1325 673 1363 739 et
1392 664 1515 740 Deum
1531 686 1689 748 aescae

147 759 296 838 reniam
324 771 438 858 roget.
477 758 547 833 Sed
580 757 708 832 Simon
733 759 789 834 nil
817 759 921 834 aliud
952 761 1052 860 agit,
1091 773 1129 837 et
1154 761 1372 862 respondet,
1400 786 1516 862 quam

147 855 220 932 hoc
241 881 250 928 ε
273 858 479 955 precamini
496 881 566 931 vos
591 881 661 952 pro
685 883 745 930 me
772 857 819 930 ad
846 857 1063 933 Dominum.

196 953 413 1052 Magdalena
431 953 577 1045 statim,
609 962 655 1024 ut
673 955 866 1048 cognovit,
892 955 994 1052 quod
1013 955 1121 1032 Jeaus
1140 956 1318 1032 accubuit
1339 957 1381 1032 in
1404 955 1515 1032 domo
1532 983 1597 1040 Lm.
1619 997 1645 1058 ς.

146 1049 349 1144 Pharisaei,
367 1049 466 1123 nihil
477 1059 618 1124 morata
630 1104 641 1142 ,
654 1050 843 1146 perruptis
857 1052 1033 1128 omnibus
1050 1049 1348 1152 difficultatibus,
1366 1053 1413 1128 ad
1428 1080 1516 1130 eum

148 1147 313 1220 accurrit
336 1146 374 1217 et
403 1156 553 1241 peccata
579 1171 648 1218 sua
680 1143 801 1218 deflet.
1014 1185 1019 1192 ·

57 1261 61 1272 ·
194 1240 358 1332 Paulus,
376 1240 655 1336 quamprimum
675 1239 731 1314 illi
746 1241 787 1313 in
802 1253 940 1316 terram
955 1257 1142 1342 prostrato
1158 1262 1309 1346 apparet
1326 1247 1516 1342 Christus,
1532 1232 1594 1286 Μ·
1610 1249 1636 1301 ⁹¹

147 1337 333 1504 immam
356 1337 542 1411 convertit
563 1336 610 1409 ad
633 1339 839 1412 Dominum
860 1337 1017 1416 dicens:
1047 1345 1229 1440 Domine,
1252 1345 1346 1444 quid
1368 1371 1428 1420 me
1452 1347 1513 1420 vis

165 1457 270 1504 acere
1308 1499 1310 1508 s
1397 1497 1400 1502 .

196 1525 376 1601 Ninivitas
402 1525 448 1599 ad
472 1527 772 1624 praedicationem
800 1530 907 1606 Jonas
939 1537 1066 1609 statim
1088 1549 1204 1631 agant
1226 1537 1517 1636 ‘poenitentiam
1533 1567 1618 1623 sem.
1641 1563 1669 1618 s.

147 1647 262 1724 quam
287 1621 321 1696 si
342 1621 596 1720 distulissent,
620 1653 698 1702 non
721 1625 938 1724 effugissent
960 1631 1186 1707 intentatam
1207 1657 1369 1731 poenam.

814 1786 849 1857 ’Κ

525 1919 834 2012 ‘strutus
883 1925 1133 2052 cxxxv.

592 2091 881 2184 ·Poenitenttiz
912 2098 1042 2206 fhism

149 2235 272 2377 Esau
304 2287 485 2385 poenituit
514 2283 561 2360 de
587 2298 739 2384 peccato
765 2287 931 2364 venditae
960 2291 1284 2388 primogeniturae,
1310 2283 1375 2366 sed
1403 2279 1519 2382 malet
1538 2313 1607 2368 een.
1628 2321 1671 2384 η,

149 2406 239 2461 nam
279 2386 459 2484 lacrymae
487 2386 570 2482 ejus
597 2410 676 2458 non
701 2398 809 2462 erant
835 2387 1086 2483 poenitentiae,
1125 2388 1189 2461 sed
1216 2389 1336 2464 animi
1364 2386 1521 2463 violenti

150 2491 189 2552 et
205 2481 475 2580 indignationis
496 2482 667 2554 internae.
1661 2550 1672 2564 ,

198 2579 363 2672 Pharao,
381 2579 497 2676 plagis
520 2579 590 2651 Dei
612 2579 651 2651 in
677 2579 802 2676 ipsum
829 2579 1091 2677 saevientibus,
1118 2580 1237 2674 dolet,
1265 2593 1303 2656 et
1319 2579 1416 2658 mira
1440 2571 1522 2677 pol·
1539 2605 1669 2662 saera
1731 2585 1737 2598 '

149 2671 286 2750 licetur
310 2700 318 2746 a
342 2675 406 2748 sed
439 2677 504 2750 ubi
529 2675 671 2750 Divina
697 2703 830 2752 ananus
857 2677 900 2750 fit
921 2679 1132 2773 remissior,
1156 2677 1304 2754 munta
1336 2675 1522 2750 sententiat
1590 2686 1619 2730 ⁰¹
1638 2691 1677 2730 ¹⁰·
1707 2687 1711 2702 '‘

149 2773 351 2866 relabitur,
378 2784 416 2845 et
437 2771 562 2846 denuo
581 2769 768 2849 divinitus
794 2776 963 2872 punitur.

198 2870 383 2944 Paenituit
406 2868 674 2964 Adonibezec,
692 2870 796 2967 quod
823 2872 1057 2968 septuaginta
1086 2870 1238 2968 regibus
1270 2869 1525 2966 amputaverit
1541 2895 1629 2950 audie.
1646 2911 1668 2947 ι.
1684 2903 1708 2966 7.

152 2968 385 3044 summitates
407 2991 591 3040 manuum
610 2991 653 3039 ac
670 2967 821 3064 pedum.
841 2967 912 3040 Sed
929 2970 1155 3080 poenitentia
1168 2967 1253 3042 haec
1270 2967 1346 3044 suit
1373 2977 1526 3040 tantum
1715 2993 1718 3004 ·

152 3061 354 3146 naturalis,
375 3085 552 3152 expressa
574 3085 597 3132 a
613 3063 790 3152 praesenti
808 3063 1029 3138 calamitate.
1291 3079 1295 3086 '

204 3149 313 3241 Saul,
334 3163 534 3244 postquam
557 3163 687 3222 contra
711 3167 941 3245 praeceptum
967 3159 1121 3228 Domini
1142 3159 1309 3251 pepercit
1326 3159 1428 3252 Agag
1449 3183 1490 3230 rc
1516 3157 1566 3234 ἰ.
1591 3183 1657 3250 aeg.
1676 3179 1713 3236 rot
1744 3185 1769 3236 .’

156 3244 326 3337 Amalec,
348 3254 387 3316 et
417 3241 635 3316 melioribus
667 3246 869 3336 armentis,
884 3245 985 3318 dolet
1018 3259 1055 3318 et
1086 3247 1204 3320 dicit:
1227 3251 1396 3324 Peccavi.
1436 3252 1480 3322 Se
1517 3297 1528 3342 ,
1596 3250 1639 3302 ³⁰·

183 3339 260 3418 uod
287 3365 365 3414 non
399 3362 491 3412 vera
516 3340 566 3410 ait
595 3339 841 3434 poenitentia,
879 3339 1042 3414 ostendit
1072 3367 1165 3416 mox
1195 3341 1385 3437 adjunctis
1416 3356 1454 3414 et
1481 3343 1529 3415 ad
1640 3373 1648 3386 ·

156 3367 367 3513 ismaelem
420 3433 549 3507 relatis
585 3433 809 3509 verbistsed
845 3461 954 3510 itanc.
979 3434 1125 3510 honora
1154 3461 1215 3512 me
1246 3460 1372 3510 coram
1406 3435 1531 3510 senio·

159 3535 266 3610 n‘bus
298 3461 428 3631 popuii
459 3531 556 3614 mei,
576 3542 613 3603 et
643 3553 767 3604 coram
796 3531 919 3605 lsrael.

207 3632 301 3704 Item
321 3629 405 3722 flet,
418 3637 455 3702 et
475 3625 597 3720 dolet,
613 3626 714 3726 quod
732 3639 837 3701 tanta
853 3629 949 3700 mala
965 3625 1138 3704 intulerit
1152 3626 1286 3701 David.
1302 3625 1372 3698 Sed
1386 3647 1532 3701 vanum
1549 3679 1569 3715 „
1588 3665 1652 3735 M,
1672 3667 1714 3736 2„
1805 3721 1807 3726 ι

160 3723 463 3817 suissedolorem,
475 3724 638 3798 ostendit
650 3727 883 3820 subsequens
899 3723 1055 3801 Davidis
1067 3724 1278 3822 persecutio
1287 3725 1531 3819 pejorpriore.
1583 3731 1621 3784 ιδ.

114 3838 138 3922 J
210 3821 423 3898 Antiochus
456 3845 528 3895 rex
556 3822 884 3918 sceleratissimus,
915 3847 1002 3896 cum
1031 3824 1101 3896 sub
1129 3823 1220 3898 viae
1248 3819 1364 3894 finem
1395 3819 1728 3925 gravis-,‚M„1,‚9,

162 3917 275 3994 simas
302 3945 434 4018 poenas
464 3917 586 3992 lueret
611 3920 660 3992 ob
691 3915 863 3992 afflictam
887 3945 910 3992 a
943 3945 982 3994 se
1007 3918 1226 3994 Judaeorum
1253 3931 1422 4015 gentem,
1445 3927 1535 3988 tern-

163 4015 272 4113 plum
311 4015 485 4184 sacrilefe
523 4015 747 4112 spoliatum,
769 4021 807 4088 et
843 4017 1004 4090 coelestis
1044 4013 1220 4092 Numinis
1255 4024 1535 4110 contemptum,

166 4111 333 4186 admissa
360 4113 427 4208 qui
453 4136 511 4186 em
540 4113 715 4210 agnovit,
732 4111 907 4207 deflevit,
930 4137 972 4185 ac
998 4115 1194 4187 restituere
1220 4109 1411 4210 promisit:
1428 4109 1536 4182 mise·

165 4207 373 4285 ricordiam
419 4221 547 4282 tamen
580 4234 658 4282 non
697 4221 753 4284 est
790 4222 1036 4302 consecutus,
1064 4210 1153 4308 quia
1194 4219 1344 4286 tantum
1384 4217 1536 4306 propter

165 4303 341 4404 dolores,
362 4304 501 4405 quibus
527 4305 799 4408 torquebatur,
824 4309 1088 4406 poenitentiam
1101 4305 1208 4477 1egit.

1140 4425 1192 4475 aa
