4464 5464
333 565 337 572 Ι
464 451 731 544 TITULUS
780 455 884 546 CLI.
929 449 1211 546 scandalum}
1435 458 1510 542 281

190 674 294 748 Cum
315 671 519 748 Jerusalem
548 676 598 748 ab
613 676 781 776 Assyriis
803 689 899 752 esset
922 678 1085 770 obsessa,
1104 688 1142 750 et
1158 680 1201 750 in
1229 687 1415 749 extremas
1446 681 1515 744 anss
1531 695 1557 764 4.
1581 697 1645 766 neg.
1666 697 1711 749 so.

75 857 83 872 ι
134 770 287 868 gustias
309 769 474 864 redacta,
494 773 680 868 promittit
699 776 800 850 Deus
819 771 991 848 Ezechiae
1012 775 1090 872 regi
1107 799 1174 870 per
1194 774 1332 846 Isa'iam
1354 767 1516 867 prophe-
1583 765 1625 831 ³4·

138 881 255 940 tam:
287 878 478 964 protegam
518 867 651 940 urbem
686 869 804 964 hanc,
831 883 868 945 et
894 870 1046 946 salvabo
1082 896 1163 944 eam
1192 881 1342 968 propter
1369 891 1456 966 me,
1478 875 1515 936 et

135 973 299 1060 propter
320 961 445 1036 David
472 987 625 1036 servum
646 989 783 1038 meum.

195 1059 328 1130 Trium
351 1081 557 1150 puerorum
583 1058 630 1130 ad
657 1057 847 1134 fornacem
878 1061 1141 1138 damnatorum
1161 1062 1280 1136 oratio
1301 1059 1383 1133 haec
1409 1069 1513 1130 erat:
1531 1081 1601 1133 nan.
1622 1081 1646 1132 3.
1666 1077 1709 1132 35.

136 1153 203 1226 Ne
221 1151 368 1223 auferas
391 1152 684 1228 misericordiam
704 1168 811 1230 tuam
838 1157 860 1228 i
885 1158 992 1230 nobis
1018 1176 1086 1254 pro
1112 1171 1169 1232 ter
1194 1155 1384 1230 Abraham
1405 1151 1515 1226 dilec-

136 1261 230 1320 tum
260 1257 392 1336 tuum,
413 1257 450 1316 et
470 1249 572 1318 lsaac
595 1275 748 1326 servum
773 1264 906 1343 tuum,
926 1261 963 1324 et
984 1185 1111 1325 Isra'e'i
1121 1267 1293 1326 sanctum
1318 1265 1441 1324 tuum.

78 1362 86 1372 ·
195 1341 231 1411 S.
254 1340 389 1449 Petrus
415 1341 527 1436 paulo
553 1358 639 1418 ante
662 1361 822 1420 mortem
848 1374 954 1421 suam
988 1349 1116 1422 scribit
1139 1347 1384 1439 Christianis,
1414 1342 1515 1440 quod
1533 1367 1709 1421 arunas.

138 1445 232 1532 post
250 1433 394 1508 obrtum
414 1463 524 1536 suum
549 1440 597 1512 sit
619 1468 750 1516 eorum
769 1466 912 1518 memor
934 1442 1089 1518 futurus
1112 1443 1211 1538 apud
1233 1445 1364 1515 Deum.

198 1529 363 1624 Apostoli
382 1557 451 1625 pro
467 1533 623 1608 muliere
643 1537 857 1611 Chananaea
879 1552 1011 1636 rogant
1025 1538 1231 1613 Dominum
1246 1549 1284 1610 et
1298 1539 1517 1634 impetrant,
1534 1557 1632 1609 natta.
1646 1549 1693 1607 ‘152

137 1636 188 1698 ut
211 1625 292 1731 ejus
313 1621 391 1694 filia
409 1649 432 1694 a
458 1625 645 1702 rlaemonio
672 1633 906 1708 liberaretur.
1585 1626 1627 1676 ²3⁸

141 1815 149 1828 ι
197 1718 367 1826 Semores
391 1720 605 1798 Judaeomm
626 1753 646 1796 a
662 1725 892 1800 Centurione
911 1731 957 1802 ad
973 1731 1165 1803 Christum
1182 1731 1287 1804 missi
1306 1733 1387 1824 ejus
1409 1752 1518 1801 servo
1532 1744 1597 1795 nuc.
1620 1760 1645 1810 7·

136 1837 223 1909 yam
247 1823 429 1884 morituro
450 1819 645 1892 sanitatem
673 1839 826 1916 rogant,
858 1837 895 1898 et
930 1827 1141 1922 impetrant.

198 1905 219 1976 J
224 1904 315 1978 udas
346 1909 581 1982 Machabaeus
610 1925 743 1985 contra
776 1921 1048 2008 amplissimum
1079 1917 1275 1990 Nicanoris
1308 1918 1519 1988 exercitum
1535 1927 1659 1982 abach·
1672 1927 1712 1979 15·

140 2001 396 2076 dimicaturus
418 2004 519 2077 videt
538 2006 673 2080 Oniam
688 2007 907 2082 Pontificem
926 2037 1031 2084 orare
1045 2037 1113 2106 pno
1130 2011 1269 2106 populo
1283 2011 1305 2080 J
1307 2010 1518 2099 udaeorum‚
1596 2011 1638 2045 ¹²·

140 2109 192 2266 et]
198 2095 335 2209 deinde·
347 2098 369 2168 J
371 2101 546 2174 eremium
562 2103 726 2198 gladium
740 2105 812 2180 sibi
822 2107 1088 2203 porrigentem,
1100 2133 1177 2204 quo
1194 2105 1408 2202 dejecturus
1425 2113 1519 2174 esset

140 2220 165 2266 a
198 2219 392 2268 versanos.
1568 2219 1570 2223 '

197 2294 371 2399 Mortuus
403 2291 557 2388 quidam
584 2297 628 2369 in
655 2297 870 2395 sepulcrum
912 2297 1039 2370 Elisaei
1068 2295 1265 2393 prophete
1305 2279 1519 2390 conjectus,
1535 2311 1561 2377 4.
1583 2312 1647 2377 neg·
1674 2309 1715 2360 13·

141 2397 278 2458 statim
310 2388 376 2458 ubi
400 2387 469 2461 atti
493 2390 523 2460 it
545 2416 629 2465 ossa
649 2393 865 2489 Prophetae,
888 2393 1054 2466 surrexit
1081 2393 1206 2467 vivus
1589 2392 1631 2426 ²¹·

196 2480 348 2552 Baruch
380 2413 567 2580 propbeta
597 2489 650 2561 sic
678 2491 801 2562 Deum
830 2501 1040 2586 precatur:
1076 2488 1235 2560 Domine
1261 2486 1518 2581 omnipotens,
1537 2487 1597 2540 ΒΗ·
1617 2485 1649 2541 ³*
1666 2485 1693 2551 l·

142 2577 251 2647 Deus
279 2576 408 2671 Isra'el,
435 2580 525 2677 audi
546 2608 651 2657 nunc
677 2585 884 2658 orationem
912 2595 1149 2656 mortuorum
1170 2583 1294 2655 lsrael.

197 2670 300 2744 Deus
322 2674 440 2749 iratus
470 2679 609 2773 populo
638 2679 739 2754 dixit
760 2679 807 2751 ad
833 2678 1059 2753 Jeremiam:
1084 2679 1116 2750 si
1143 2679 1288 2751 steterit
1315 2680 1463 2773 Moyses
1483 2684 1521 2746 et
1537 2648 1591 2698 ³⁰¹⁸

144 2765 301 2838 Samuel
324 2793 446 2843 coram
471 2797 549 2862 me,
567 2801 645 2848 non
669 2788 725 2850 est
743 2777 869 2848 anima
890 2801 974 2848 mea
995 2773 1043 2848 ad
1065 2775 1248 2871 populum
1265 2773 1392 2845 istum.
1409 2767 1521 2842 Unde

143 2860 375 2957 desumitur,
395 2865 498 2962 quod
517 2868 620 2942 Deus
650 2873 742 2945 alias
764 2869 812 2944 ad
834 2873 1022 2965 orationes
1044 2871 1267 2944 Sanctorum
1289 2867 1405 2942 soleat
1421 2862 1523 2938 flecti

146 2955 201 3024 ad
227 2961 529 3038 miscricordiam.
836 3056 870 3126 ξ

553 3186 887 3272 TITULUS
949 3185 1078 3272 CLI.

709 3361 982 3450 Scandolum.
1102 3367 1104 3378 '

1619 2637 1661 2696 ti.
1688 2657 1714 2692 a.

152 3499 263 3728 Igna
288 3553 439 3726 martilm
462 3555 623 3653 punitur
638 3579 667 3658 *a
692 3555 790 3647 Deo,
812 3577 927 3652 quam
949 3551 1090 3648 Adam,
1113 3551 1203 3649 quia
1226 3547 1346 3624 Adam
1371 3545 1526 3626 'induxit
1542 3557 1657 3624 oens:

151 3683 176 3728 a
284 3677 373 3726 ccan
401 3679 477 3726 um.
1671 3709 1674 3719 .

204 3678 386 3845 Idriretrat
405 3750 506 3822 Deus
524 3747 720 3841 Israelitis,
738 3759 782 3823 ut
804 3745 1025 3822 Amalecitas
1053 3745 1219 3820 delerent
1241 3741 1288 3815 de
1302 3753 1416 3836 terra,
1438 3741 1526 3837 quia
1541 3757 1670 3815 ueneat.
1681 3777 1719 3829 ¹7»

158 3844 247 3918 illos
273 3846 478 3920 voluerunt
504 3844 683 3955 impedire
704 3847 752 3918 ab
773 3848 944 3940 ingressu
972 3857 1079 3916 terrae
1103 3841 1304 3938 promissae.
1493 3935 1499 3948 ·
1722 3871 1727 3878 ·

176 3981 180 3986 ·
207 3942 300 4012 Erat
339 3955 506 4015 eccatum
522 3939 687 4015 fihorum
704 3942 787 4014 Heli
809 3941 947 4038 grande
966 3939 1079 4013 nimis
1102 3962 1226 4010 coram
1243 3935 1418 4024 Domino,
1437 3958 1526 4030 qma
1546 3951 1719 4016 1.ueg.2.17.

159 3969 402 4110 retrahebant
419 4037 630 4110 hominess
655 4038 836 4111 sacrificio
861 4037 1023 4110 Domini.
1051 4035 1244 4107 Hinc·tam
1266 4031 1429 4128 graviter
1445 4054 1527 4128 pose

120 4130 127 4147 '
162 4143 270 4204 teaa
300 4133 378 4203 Deo
406 4134 594 4228 punitum.
785 4183 790 4190 -
1033 4149 1038 4158 '

215 4224 433 4318 Jeroboam‚
449 4230 516 4324 qui
528 4231 648 4302 erexit
658 4231 776 4324 idola,
789 4252 939 4325 peccare
955 4228 1043 4300 fecit
1059 4224 1170 4300 lsrael
1182 4254 1191 4318 3
1204 4225 1296 4298 hinc
1307 4222 1352 4295 de
1363 4219 1429 4294 illo
1440 4219 1528 4294 dici·
1543 4237 1639 4306 sesag.
1649 4234 1721 4304 ιω.
1831 4249 1836 4258 ·

166 4333 249 4413 tur,
270 4321 371 4416 quod
390 4336 562 4418 operatus
575 4326 622 4397 sit
640 4325 737 4396 mala
756 4351 867 4420 super
882 4350 1030 4414 omues,
1048 4348 1114 4419 qm
1132 4321 1288 4394 inerunt
1311 4331 1397 4391 ante
1419 4339 1526 4389 eum:

169 4428 209 4489 et
223 4415 424 4493 horribiles
438 4441 559 4514 poenae
573 4445 640 4515 per
652 4423 786 4492 ansam
798 4419 1018 4517 prophetam
1035 4445 1060 4490 a
1077 4420 1156 4581 Dfio
1173 4417 1229 4492 illi
1241 4415 1526 4492 denunciantur.

802 4582 807 4590 ,
1158 4535 1179 4580 n
