4452 5462
657 423 739 526 dol,
766 417 1031 506 TITULUS
1052 417 1246 506 CLXVI.
1273 417 1479 506 Tentatio
1503 416 1591 504 Dei
1619 433 1698 530 per
1720 416 1987 512 hominem.

565 739 574 757 Ι
704 655 806 728 Idem
838 649 1034 729 duodecim
1073 673 1259 722 annorum
1285 646 1428 743 sactus,
1469 648 1664 744 disputans
1696 648 1739 722 in
1785 657 1928 752 templo
1961 659 2048 736 suit

657 757 849 827 inventus.

705 850 837 920 Postea
864 842 910 916 de
932 840 1070 936 templo
1095 839 1302 917 vendentes
1324 827 1374 913 et'
1392 852 1555 914 ementes
1576 837 1716 938 pluries
1745 845 1867 940 ejecit.
1892 851 2039 926 Matth.

658 972 716 1017 21.
745 947 856 1014 Marc.
883 967 936 1011 11.
956 939 1045 1009 Luc.
1070 961 1123 1032 19.
1147 935 1252 1008 Joan.
1273 963 1306 1006 2.

708 1041 803 1111 Item
820 1039 862 1110 in
881 1033 1021 1128 templo
1053 1030 1271 1127 frequenter
1294 1030 1443 1124 docuit,
1466 1041 1503 1103 et
1527 1031 1708 1106 miracula
1731 1037 1905 1132 qnaedam
1922 1042 2033 1120 fecit.

660 1133 792 1210 Matth.
821 1160 878 1204 21.
913 1133 1024 1202 Marc.
1058 1153 1087 1197 1.
1111 1138 1148 1197 et
1174 1153 1226 1198 12.
1255 1127 1344 1199 Luc.
1373 1153 1426 1224 19.
1461 1139 1498 1200 et
1518 1153 1574 1199 21.
1603 1129 1710 1202 Joan.
1735 1158 1769 1230 7.
2197 1141 2205 1245 p

656 1303 657 1306 ,
708 1231 842 1327 Arguit
856 1228 1040 1392 Domipus
1067 1220 1297 1316 Pharisaeos,
1313 1222 1380 1320 qui
1398 1223 1592 1319 dicebant,
1615 1249 1754 1302 aurum
1765 1233 1898 1330 templi
1917 1263 2031 1314 sano-

660 1328 738 1402 tius
769 1351 847 1400 esse
869 1335 943 1395 tem
987 1347 1019 1392 o.

709 1425 873 1517 Recepto
881 1347 1008 1494 sandto
1032 1412 1171 1511 Spiritu
1185 1415 1340 1506 ,Petrus
1363 1428 1400 1489 et
1421 1416 1584 1490 loannes
1599 1419 1848 1500 ascenderunt
1865 1428 1906 1500 in
1924 1442 2024 1506 tem.

662 1520 787 1617 plum,
812 1517 859 1589 ad
886 1516 1019 1587 horam
1045 1510 1224 1583 orationis
1243 1535 1393 1584 nonam.
1426 1515 1475 1586 Et
1490 1526 1582 1586 tunc
1603 1513 1740 1589 factum
1770 1533 1825 1592 est
1849 1525 2018 1616 primum

664 1615 832 1690 sanitatis
849 1607 1095 1696 miraculum,
1118 1605 1219 1701 quod
1239 1605 1380 1680 sactum
1401 1607 1475 1683 fuit
1491 1619 1575 1705 post
1594 1613 1835 1685 ascensionem
1847 1617 2009 1691 Domini.

710 1711 874 1808 Angelus
900 1702 1055 1781 Domini
1103 1727 1143 1774 er
1161 1713 1330 1794 noctem,
1352 1706 1522 1800 aperiens
1548 1706 1697 1801 januam
1716 1711 1869 1782 carceris
1890 1723 1929 1782 et
1950 1713 2010 1785 ab·

662 1805 803 1882 ducens
830 1803 1046 1909 Apostolos,
1072 1727 1172 1905 dixit
1197 1821 1205 1864 :
1230 1798 1309 1892 lte,
1335 1810 1372 1871 et
1409 1812 1549 1874 stantes
1580 1801 1777 1900 loquimini
1803 1807 1847 1877 iu
1875 1806 2016 1904 templo

661 1903 789 1974 onmia
814 1899 929 1976 verba
950 1903 1040 1968 vrtae
1075 1915 1167 1980 etus.

521 2057 551 2090 ο,
592 2071 600 2089 ,
711 1992 1003 2068 Commendatur
1023 1984 1234 2059 Eunuchus
1256 1986 1318 2060 ille
1335 1989 1514 2066 Candacis
1531 1995 1669 2088 reginoe
1681 1993 1898 2095 AEthiopum
1911 2025 1918 2070 :
1932 2001 2023 2112 quia

662 2095 708 2169 dc
739 2091 926 2186 AEthiopia
950 2082 1058 2160 venit
1083 2079 1235 2154 adorare
1257 2085 1299 2155 in
1324 2084 1539 2188 Jerusalem.
1567 2090 1638 2162 Sed
1652 2103 1761 2182 nota,
1786 2095 2023 2192 quodetiam

664 2189 795 2266 sedens
814 2189 855 2259 in
877 2208 1009 2274 curru,
1024 2175 1167 2344 lepebat
1182 2179 1314 2254 lsaiam
1333 2181 1568 2279 Prophetam.
1586 2187 1698 2278 Quod
1709 2201 1765 2263 est
1776 2203 1907 2266 contra
1923 2193 2023 2266 mul·

663 2297 744 2378 tos,
772 2284 838 2380 qui
862 2290 995 2356 euntes
1026 2299 1047 2344 a
1101 2275 1182 2347 loca
1205 2290 1354 2368 sancta,
1380 2303 1459 2352 non
1488 2281 1619 2378 legunt
1640 2283 1704 2362 vel
1728 2284 1898 2363 referunt
1920 2313 2022 2362 sacra

663 2383 910 2471 documenta,
937 2374 1001 2450 sed
1024 2369 1277 2468 multiplicant
1299 2398 1400 2448 vana
1424 2379 1550 2452 verba.

709 2475 891 2570 Quamvis
910 2471 1031 2546 lndaei
1049 2471 1154 2565 gravi
1182 2468 1268 2547 odio
1288 2486 1604 2569 persequerentur
1624 2475 1805 2574 Paulum,
1827 2492 1953 2555 tamen
1978 2482 2021 2556 in

660 2575 801 2670 templo
831 2569 1036 2646 nollreruut
1058 2563 1247 2665 occidere,
1269 2565 1334 2642 sed
1349 2581 1551 2646 traxerunt
1577 2599 1664 2650 eum
1684 2588 1794 2654 extra
1812 2579 2017 2678 templum,

659 2684 705 2748 ut
731 2671 822 2746 soris
845 2667 1065 2742 occiderent.

1021 2821 1353 2914 TITULUS
1404 2825 1628 2914 CLXVI.

890 3043 897 3048 ,
974 2956 1170 3040 Tentaa'o
1211 2955 1302 3036 Dei
1332 2983 1413 3066 per
1439 2958 1650 3044 bominem.

460 3163 528 3234 ce'n.
542 3194 584 3231 at.
658 3091 877 3227 Abraham
913 3144 1125 3242 ingrediens
1150 3143 1375 3241 AEgyptum,
1394 3147 1605 3247 ¹prudenter
1636 3147 1752 3221 tacuit
1778 3145 1905 3218 saram
1933 3155 2014 3220 esse

414 3255 416 3262 ’
511 3254 591 3300 “20·
659 3255 818 3324 uxorem
849 3267 955 3318 suam
974 3268 981 3313 :
1002 3267 1051 3316 ne
1076 3241 1107 3314 si
1132 3237 1205 3314 hoc
1228 3239 1404 3339 dixisset,
1426 3271 1465 3318 se
1475 3247 1601 3344 ipsum
1621 3257 1657 3320 et
1682 3243 1783 3317 illam
1806 3242 2013 3317 discrimini

659 3343 914 3419 commisisset.
1318 3400 1320 3404 .

464 3468 532 3522 cen.
546 3465 588 3519 26.
705 3443 755 3514 Et
770 3440 872 3511 Isaac
895 3436 1083 3530 similiter,
1095 3437 1170 3511 nisi
1189 3437 1313 3512 autem
1333 3436 1501 3532 fecisset,
1519 3437 1723 3512 Dominum
1740 3433 2013 3534 quodammodo

658 3528 867 3622 tentisset,
894 3547 939 3606 ut
959 3532 1051 3607 dicit
1071 3534 1316 3632 Augustinus.

463 3653 542 3708 Num.
557 3653 598 3721 14.
708 3630 895 3704 Multoties
917 3641 1160 3706 tentaverunt
1182 3632 1387 3706 Dominum
1412 3631 1481 3706 filii
1506 3630 1621 3704 Israel
1644 3632 1685 3702 in
1711 3629 1867 3702 deserto.

461 3769 482 3806 ι.
496 3755 558 3822 neg.
569 3753 595 3820 4.
708 3727 878 3822 Superati
903 3724 983 3798 filii.
995 3725 1108 3801 Israel
1125 3753 1147 3799 a
1164 3725 1365 3801 Philistaeis
1386 3715 1589 3820 dixerint,
1612 3751 1728 3824 quare
1744 3723 1926 3823 percussit
1941 3744 2010 3795 nos

658 3823 759 3896 Deus
786 3845 909 3894 coram
931 3819 1157 3918 Philistiim,
1184 3837 1220 3896 et
1255 3823 1448 3900 duxerunt
1475 3848 1603 3896 secum
1635 3847 1759 3895 arcam
1787 3817 1935 3893 Domini
1961 3815 2009 3887 ad

658 3915 857 4013 praelium,
878 3943 963 4016 quae
980 3934 1086 4018 capta
1103 3922 1199 4011 suit,
1221 3930 1258 3992 et
1279 3919 1335 3993 illi
1360 3915 1621 4018 magnat'plagai
1646 3917 1824 4015 percussi.

456 4043 552 4109 anag.
564 4055 606 4094 22.
703 4011 852 4087 Sciebat
870 4013 993 4090 David
1012 4042 1049 4089 se
1067 4041 1145 4090 esse
1161 4030 1319 4091 unctum
1342 4016 1383 4089 in
1401 4041 1547 4112 regem,
1571 4030 1608 4089 et
1632 4013 1734 4110 quod
1758 4010 1908 4084 deberet
1927 4031 2010 4104 reg-

659 4134 749 4182 nare
774 4124 857 4206 post
877 4111 981 4202 Saul,
1011 4113 1118 4184 'uxta
1135 4111 1196 4208 id,
1221 4113 1321 4209 qnod
1365 4114 1560 4195 remiserat
1590 4109 1760 4200 Samuel,
1783 4117 2011 4178 nontamen

657 4208 910 4282 committebat
937 4232 976 4280 se
998 4139 1228 4303 discrimini,
1251 4207 1314 4282 scd
1333 4137 1491 4283 liciebat
1510 4207 1557 4280 ad
1582 4209 1642 4282 sui
1663 4201 1893 4295 custodiam,
1909 4197 2010 4296 quod

343 4469 353 4478 .
456 4399 563 4455 roso.
653 4313 971 4516 Plidii'nagnus
988 4399 1100 4498 piscis
1125 4401 1327 4482 invasisset
1346 4401 1518 4498 Tobiam,
1543 4415 1630 4478 non'
1643 4395 1879 4498 esipcclavila
1904 4387 2009 4488 q¹¹⁰d

1512 4489 1708 4652 ἢ
1854 4484 2009 4584 angelus
