4464 5464
276 451 549 554 TITULUS
581 453 779 548 CXXIV.
817 455 1032 548 Patientia
1064 461 1115 547 in
1152 447 1361 552 advenis:
1423 451 1505 548 233
1615 428 1620 436 ¹

187 685 333 766 Poterit
352 687 467 766 ctiam
487 686 738 787 considerati,
753 689 857 791 qnod
877 679 958 792 ipse
979 689 1165 766 Dominus
1185 689 1296 766 iesus
1322 691 1505 768 sustinuit
1522 705 1601 762 tna.
1618 717 1660 776 ις.

132 786 323 864 damnum
349 787 393 861 in
417 789 556 881 rebus,
573 809 667 883 quas
690 785 898 864 secundum
920 788 1115 876 hominem
1138 787 1406 879 babuittQuia
1431 785 1506 862 fuit
1525 773 1676 910 ffb?

137 883 377 960 vestimentis
399 884 587 974 nudatus,
604 881 651 954 ab
677 885 806 958 amicis
825 881 1034 960 derelictus.
1053 881 1167 960 Unde
1188 882 1282 960 disci
1310 885 1382 978 uli,
1404 882 1509 958 mlic-
1600 877 1608 893 '

72 1035 77 1042 .
140 989 180 1054 to
202 1007 270 1075 eo,
285 1005 417 1056 omnes
435 978 639 1075 fugemnt,
654 977 814 1056 afflictus
837 983 881 1056 in
905 993 986 1056 toto
1005 1005 1181 1080 corpore,
1201 993 1247 1056 ut
1298 982 1415 1059 ‘ctum
1432 989 1508 1072 est,

137 1095 208 1174 per
241 1075 520 1158 acerbissimam
549 1073 771 1170 passionem.

189 1174 284 1245 Item
300 1193 432 1266 passus
448 1180 505 1242 est
526 1169 569 1242 in
584 1167 695 1242 come
707 1223 718 1262 ,
730 1167 794 1247 vel
808 1170 852 1244 in
873 1183 1021 1264 mente,
1037 1173 1127 1268 quia
1143 1172 1440 1269 compatiebatur
1454 1172 1509 1248 ibi

135 1265 273 1338 amicis
300 1263 532 1358 astantibus,
547 1276 585 1338 et
607 1265 773 1340 inimicis
798 1291 888 1342 enm
909 1265 1126 1364 ignoranter
1146 1268 1463 1364 crucifigentibus.

192 1357 293 1432 Tum
324 1359 436 1434 etiam
512 1387 595 1436 ssus
625 1372 681 1436 ast
710 1362 1004 1460 quodammodo,
1022 1372 1060 1436 et
1094 1362 1206 1440 laesus
1236 1365 1279 1438 in
1312 1360 1414 1438 fama
1444 1389 1513 1438 seu

138 1455 342 1624 ttttlt’
357 1456 653 1626 tttffl‘
666 1455 1514 1630 ffssiapupcfeffisupffificffl,

137 1643 244 1741 quod
270 1643 444 1719 seductor
469 1643 533 1720 iile
558 1577 670 1722 etc.p
766 1577 812 1652 Pe
1115 1605 1127 1648 ²
1502 1599 1513 1649 ’

189 1738 475 1817 Advertendum
501 1755 558 1818 est
583 1745 698 1819 etiam
729 1745 827 1820 circa
858 1743 1091 1824 salutiferam
1115 1745 1329 1841 passionem
1358 1743 1513 1818 Domini

139 1835 265 1910 nostri
290 1834 572 1934 Jeruchrisn,
594 1837 696 1937 quod
727 1839 802 1917 tuit
828 1841 974 1940 turpis,
992 1841 1070 1916 imo
1096 1839 1316 1937 turpissima
1342 1851 1380 1914 et
1404 1839 1515 1936 igno·

112 1930 305 2032 ¹miniosa
334 1933 479 2006 muone
507 1933 592 2012 loci.
628 1934 729 2026 Quia
755 1937 799 2010 in
833 1936 1063 2028 Jerusalem,
1084 1937 1153 2012 ubi
1184 1947 1515 2030 notus,vocatus,

138 2038 183 2102 et
208 2023 418 2104 honoratus
444 2026 591 2124 fuerat,
608 2041 647 2105 et
672 2031 794 2105 multa
818 2028 1002 2104 miracula
1027 2029 1167 2106 fecerat
1195 2041 1264 2104 eto
1289 2023 1303 2049 ⁸

164 2179 167 2184 ,
192 2126 289 2202 Item
314 2123 460 2200 ratione
485 2128 686 2224 temporis,
704 2126 769 2203 vel
794 2125 888 2202 diei:
1307 2199 1313 2210 ,

192 2220 294 2314 Quia
311 2219 354 2294 in
381 2220 442 2294 die
469 2219 617 2296 solenni
636 2222 813 2313 Paschoe,
828 2219 981 2318 quando
1000 2233 1227 2298 convenerat
1246 2215 1295 2296 ad
1323 2219 1424 2296 diem
1445 2219 1517 2296 sess

143 2325 230 2392 tum
263 2317 433 2392 maxima
466 2315 673 2392 multitudo
703 2315 932 2409 hominum,
966 2329 1005 2391 et
1031 2316 1128 2391 hort
1161 2321 1271 2414 qnasi
1301 2319 1411 2392 sexti
1439 2315 1518 2391 fuit

140 2410 285 2488 dumus
310 2411 358 2486 ad
379 2438 529 2488 crucem
542 2468 553 2507 ,
568 2426 614 2488 ut
640 2415 689 2489 ab
714 2413 892 2488 omnibns
918 2424 1046 2523 posset
1072 2413 1170 2485 sciri.

165 2549 167 2554 ·
193 2511 289 2582 Item
304 2522 344 2582 et
356 2513 504 2584 ratione
518 2511 663 2608 generis
678 2510 798 2606 ipsius
820 2520 951 2584 morus
964 2531 972 2578 :
985 2507 1086 2599 Quia
1100 2519 1221 2582 morte
1239 2509 1383 2601 crucis,
1395 2519 1517 2584 morte
1532 2521 1614 2578 toan.
1629 2535 1670 2593 ιφ

143 2605 273 2680 debita
293 2601 505 2698 maledicis,
523 2605 826 2702 malefactoribus
848 2615 886 2679 et
911 2605 1066 2700 iniquis.
1097 2604 1196 2678 Tum
1219 2616 1258 2680 et
1272 2605 1420 2681 ratione
1440 2629 1520 2678 rno-

143 2701 208 2797 di,
231 2701 279 2776 ad
304 2703 431 2798 ipsmn
457 2715 692 2780 tormentum
719 2702 846 2778 eundi
872 2698 966 2776 Exit
990 2703 1093 2776 enim
1116 2699 1224 2776 Jesua
1249 2699 1426 2798 bajulans
1445 2697 1519 2776 sibi

141 2823 318 2892 macena,
338 2797 440 2894 qnod
468 2811 569 2874 certe
595 2825 676 2876 non
705 2799 845 2898 legitur
869 2797 916 2872 de
948 2795 1032 2870 aliis
1060 2793 1210 2872 duobus
1240 2819 1427 2896 nequam,
1449 2790 1520 2894 qui

143 2895 383 2972 ducebantur
408 2919 497 2970 cum
523 2921 577 2970 eo.
1457 2967 1460 2972 .

193 2995 289 3066 Item
305 3001 344 3064 et
360 2993 505 3066 ratione
525 2987 705 3069 consortii
717 3013 726 3066 t
737 3015 829 3066 nam
843 2989 919 3065 fuit
934 2981 1141 3066 crncifixus
1151 2985 1194 3064 in
1209 2981 1335 3062 medio
1355 2982 1522 3066 duorum

147 3081 360 3173 latronum,
383 3085 493 3176 quasi
513 3099 610 3158 esset
634 3113 738 3158 unus
760 3111 811 3158 ex
841 3089 917 3178 eis,
932 3087 994 3160 vel
1015 3086 1209 3160 maximus
1242 3096 1311 3158 aut
1321 3086 1522 3183 magister.

200 3171 338 3249 Adhuc
353 3186 577 3268 aggravatur
595 3175 697 3248 illius
715 3177 913 3248 benedicta
930 3178 1114 3271 passionis
1133 3139 1315 3280 acerbitas
1339 3203 1392 3250 ex
1412 3193 1523 3252 natu»
1620 3259 1625 3266 ,

151 3269 223 3349 ruli
261 3267 441 3344 dominici
478 3269 643 3364 corporis
676 3267 947 3365 complexione.
993 3269 1147 3344 Certum
1182 3281 1240 3342 est
1275 3271 1401 3362 enim,
1425 3273 1524 3346 illud

152 3393 302 3444 sacrum
327 3388 464 3462 corpus
480 3362 603 3436 fuisse
629 3364 901 3460 complexionis
930 3364 1103 3460 optimae,
1121 3373 1159 3436 et
1184 3362 1407 3438 mirabiliter
1434 3365 1525 3438 deli·

150 3478 270 3557 cata,
290 3472 424 3572 utpote
458 3457 720 3556 organizatum
757 3459 917 3556 Spiritus
955 3461 1074 3533 sancti
1108 3481 1248 3554 opere,
1283 3458 1365 3530 sine
1396 3457 1526 3554 aliquo

151 3574 300 3636 naturae
315 3559 412 3633 vttio
425 3555 490 3630 vel
511 3579 655 3648 encre,
666 3551 770 3629 unde
788 3579 876 3628 caro
898 3579 968 3627 sna
990 3561 1118 3626 saneta
1135 3549 1282 3624 nullam
1304 3551 1441 3628 habuit
1466 3575 1527 3625 rea

78 3740 83 3746 ,
153 3655 356 3732 bellionem
375 3651 438 3730 vel
463 3677 516 3764 pu
542 3675 630 3726 nam
653 3662 784 3726 contra
801 3649 995 3747 Spiritum.
1026 3651 1077 3724 Et
1098 3644 1239 3756 idcimo
1255 3645 1416 3742 Spiritus
1446 3669 1528 3757 mes·

155 3753 231 3828 rito
262 3772 300 3826 tn
351 3749 381 3824 's
413 3675 590 3845 dnrgeim
614 3743 761 3846 ipsam,
793 3768 908 3845 qnam
932 3745 1086 3822 alterius
1116 3751 1273 3841 spurtus
1305 3741 1369 3818 vel
1397 3763 1528 3818 anima

156 3845 289 3924 debeat
348 3845 475 3945 iligere
491 3867 638 3958 'corpus
665 3870 789 3919 sunm.
823 3941 829 3956 ι
888 3941 895 3957 ⁸
1058 3939 1067 3955 ι
1141 3897 1157 3944 ,·
1430 3931 1465 4006 N

140 3939 1405 4140 ·astultnsnutamus:satiatum

28 4170 34 4180 =
159 4137 500 4235 munerarium
524 4157 634 4208 suum
657 4135 826 4210 celenter
851 4134 1146 4232 compleverunt.
1175 4129 1303 4204 Passio
1331 4153 1426 4206 vero
1450 4127 1530 4201 Do·

161 4236 304 4308 runica
335 4231 513 4326 duravit,
554 4231 637 4304 uasi
665 4231 712 4304 ab
743 4232 904 4306 instanti
932 4227 1186 4326 conceptionis
1215 4247 1454 4320 susc,usque
1480 4221 1531 4298 ad

162 4329 296 4420 horam
335 4329 479 4406 mortis.
581 4327 744 4420 rtissime
786 4349 952 4428 uanique
991 4323 1210 4534 prespivpt,
1232 4319 1420 4422 quidquid
1461 4341 1532 4396 sua
