4452 5462
340 503 343 510 .
426 428 695 520 TlTULUS
738 425 888 518 Cth.
937 429 1123 545 Spiritus
1164 425 1285 512 mali.
1452 431 1534 546 293

176 569 217 594 U

212 658 298 733 Filii
329 654 442 730 lsrael
468 668 601 730 contra
621 656 763 730 tribum
792 654 988 750 Benjamin
1017 655 1244 751 pugnantes,
1270 650 1382 725 multi
1403 659 1536 726 contra
1551 663 1701 725 tultam·

161 781 320 856 pancos,
343 755 399 827 bis
417 751 591 826 debellati
613 745 791 842 lireiunt,
817 751 967 826 tandem
996 749 1289 849 praevaluerunt.
1670 813 1677 827 .

211 852 381 926 Afflictus
404 873 573 946 corpore,
591 851 744 922 orbatus
761 850 863 938 filiis,
879 847 1024 923 densus
1044 849 1091 920 ab
1109 848 1254 940 amicis,
1270 857 1307 921 et
1322 845 1435 920 rebus
1452 871 1667 927 om-tot.1t.

160 951 274 1026 nibus
291 948 471 1046 spoliatus
489 946 578 1036 Job,
596 945 757 1018 dicebat:
772 949 819 1020 Et
837 948 869 1018 si
884 945 1061 1019 occiderit
1078 946 1207 1038 me,in
1220 945 1345 1040 ipsum
1367 944 1533 1040 sperabo.

210 1043 435 1119 Parentibus
451 1041 577 1113 Tobiae
596 1043 841 1116 irridentibus
861 1069 947 1115 eum
964 1054 1003 1114 et
1021 1042 1253 1115 dicentibus:
1272 1040 1349 1113 Ubi
1371 1052 1427 1113 est
1451 1067 1468 1112 s
1494 1066 1534 1114 es
1550 1063 1620 1120 tob.
1634 1081 1665 1118 ι,

159 1133 227 1218 tua
239 1196 249 1233 ,
263 1167 330 1234 pro
342 1161 418 1232 qua
428 1135 687 1237 eleemosynas
699 1150 736 1210 et
748 1139 958 1236 sepulturas
980 1129 1164 1211 faciebas'.l
1175 1137 1308 1210 Tobias
1319 1066 1536 1232 increpabat

160 1263 242 1326 eos,
260 1231 545 1307 dicens:Nolite
567 1235 620 1307 ita
642 1235 770 1332 loqui,
792 1236 970 1332 quoniam
994 1233 1063 1306 filii
1090 1247 1306 1306 sanctorum
1333 1257 1479 1322 sumus,
1497 1244 1536 1307 et

159 1334 279 1409 vitam
300 1329 404 1402 illam
426 1342 690 1426 expectamus,
712 1357 827 1430 quam
845 1332 947 1405 Deus
970 1329 1130 1404 daturus
1151 1343 1208 1403 est
1230 1327 1312 1424 his,
1334 1330 1404 1427 qui
1421 1327 1537 1404 fidem

160 1451 268 1500 suam
299 1451 496 1524 nunquam
520 1440 670 1501 mutant
696 1430 743 1501 ab
770 1456 825 1503 ec.

210 1523 305 1594 Cum
327 1536 424 1595 esset
440 1525 611 1596 Susanna
629 1523 792 1598 duorum
809 1524 1118 1622 presbyterorum
1136 1521 1270 1620 iniquo
1288 1522 1683 1595 condemnatura-1³.

81 1701 83 1708 ,
159 1617 389 1706 testimonie,
408 1617 548 1692 dicitur
563 1631 690 1693 tamen
708 1621 755 1696 de
779 1647 843 1694 ea:
864 1619 966 1719 quod
990 1631 1069 1692 erat
1088 1641 1153 1692 cor
1175 1621 1257 1716 ejus
1278 1618 1421 1692 habens
1440 1617 1535 1692 fidu-

158 1713 250 1785 ciam
282 1713 324 1783 in
342 1712 523 1784 Domino.

205 1809 319 1879 Unus
336 1805 486 1879 illorum
510 1805 651 1904 ¹septem
679 1809 842 1888 fratrum
869 1812 1082 1908 postulatus
1113 1834 1136 1880 a
1157 1822 1344 1907 tyranno,
1365 1811 1534 1904 linguam
1553 1839 1579 1875 π.
1595 1819 1683 1878 uach.
1708 1838 1736 1892 t·

158 1903 232 1975 cito
254 1901 427 1996 protulit,
447 1915 483 1974 et
506 1929 643 1975 manus
664 1919 880 1978 constanter
907 1908 1098 1999 extendit,
1114 1919 1153 1978 et
1174 1929 1262 1980 cum
1287 1903 1427 1979 fiducia
1455 1906 1533 1980 ait:

157 2001 190 2074 E
212 1997 306 2070 coelo
336 1997 408 2068 ista
438 1993 619 2092 possideo.

208 2093 445 2167 Machabaeus
457 2094 479 2165 J
483 2093 573 2166 udas
586 2093 688 2167 misit
705 2094 978 2194 lerosolymam
991 2093 1186 2168 duodecim
1201 2096 1319 2169 millia
1333 2073 1531 2168 drachmas
1554 2123 1579 2159 2·
1593 2105 1683 2227 M‘ssb’

157 2192 318 2288 argenti,
342 2186 547 2264 offerri‘eas
571 2191 624 2264 ibr
643 2218 711 2286 pro
727 2193 887 2288 peccatis
906 2204 1162 2284 mortuorum,
1176 2194 1277 2290 juste
1300 2203 1338 2265 et
1358 2191 1531 2288 religioso

156 2289 204 2362 de
233 2289 505 2360 resurrectione
531 2290 707 2384 cogitans.
766 2357 767 2364 ,

207 2387 327 2458 Homo
343 2398 423 2458 erat
440 2386 480 2456 in
500 2383 725 2476 Jerusalem,
747 2385 809 2457 cui
830 2409 968 2457 nomen
991 2383 1161 2474 Simeon,
1176 2395 1213 2458 et
1227 2383 1344 2457 homo
1359 2384 1430 2458 iste
1448 2385 1532 2480 jus·
1550 2391 1614 2446 Luc·
1633 2405 1660 2443 ²·

155 2493 220 2556 tus
240 2494 278 2554 et
298 2483 518 2572 timoratus,
543 2495 746 2576 expectans
773 2480 1063 2554 consolationem
1091 2482 1215 2554 Israel.

207 2581 442 2651 Ascensurus
464 2579 506 2651 in
521 2578 658 2652 coelum
676 2580 846 2654 Salvator
866 2580 1041 2676 praecepit
1058 2577 1252 2675 discipulis
1272 2575 1375 2668 suis,
1389 2587 1434 2648 ut
1451 2599 1531 2648 non
1550 2571 1642 2624 Actor.
1659 2583 1683 2623 ¹·

157 2673 389 2748 discederent
405 2678 452 2747 ab
471 2673 735 2846 Jerosolpmis,
750 2675 813 2752 sed
832 2687 1074 2778 expectarent
1094 2676 1378 2770 promissionem
1397 2673 1529 2746 Patris.

206 2771 347 2844 Videns
359 2773 518 2865 Paulus,
535 2799 610 2870 quo
652 2799 729 2849 una
745 2785 929 2874 parserat
945 2771 1217 2848 Pha1isaeorum
1228 2827 1238 2862 ,
1249 2782 1287 2844 et
1299 2769 1371 2840 alia
1386 2767 1532 2842 Saddu-
1550 2772 1643 2825 Actor.
1657 2768 1700 2822 23'·

156 2891 337 2960 eteorum,
356 2869 583 2942 exclamavit
601 2871 640 2942 in
657 2874 814 2946 consilio
826 2897 833 2940 :
846 2870 930 2943 Viri
948 2870 1099 2963 iratres,
1115 2895 1183 2967 ego
1199 2867 1410 2940 Pharisaeus
1428 2889 1537 2958 sum,

155 2963 257 3037 lilius
269 2963 559 3059 Pharisaeorum,
576 2964 622 3038 de
636 2993 700 3064 spe
712 2980 749 3042 et
760 2972 1033 3042 resurrectione
1045 2981 1281 3038 mortuorum
1295 2987 1361 3055 ego
1372 2962 1531 3056 judicor.

208 3063 336 3125 Monet
347 3061 546 3148 Apostolus
562 3061 804 3134 Timotheum
815 3117 825 3150 ,
836 3075 881 3133 ut
896 3063 1087 3154 praecipiat
1097 3061 1302 3147 divitibus,
1315 3082 1391 3127 non
1414 3055 1533 3128 subli-
1553 3087 1574 3123 x.
1587 3065 1659 3123 Tim.
1671 3065 1700 3120 t.

158 3171 218 3222 me
231 3171 378 3246 sapere,
389 3171 458 3220 nec
478 3171 623 3244 sperare
637 3149 679 3220 in
695 3155 839 3224 incerto
861 3153 1101 3242 divitiarum,
1124 3153 1189 3224 sed
1207 3156 1249 3224 in
1266 3155 1345 3224 Deo
1365 3151 1533 3225 vivente.

570 3323 887 3412 TITULUS
935 3323 1107 3409 CLIX.

679 3469 860 3584 Spr'rt'tus
902 3469 1017 3552 mali.

162 3606 447 3760 Spiritus-mali
462 3658 728 3737 dicuntnresse
738 3660 823 3752 Dei,
840 3659 930 3757 quia
948 3667 1038 3738 sunt
1059 3657 1102 3731 in
1122 3665 1305 3756 potestate
1320 3657 1387 3732 Dei
1394 3669 1455 3754 ,et
1464 3685 1532 3760 per
1554 3673 1578 3710 ¹·
1592 3657 1655 3728 teg.
1677 3661 1722 3715 ¹6¹⁵

161 3766 285 3838 Deum
302 3771 478 3856 possunt,
501 3757 686 3855 quidquid
709 3770 877 3856 possunt.

189 3857 370 3954 'Spiritus
393 3853 468 3930 Dei¹
489 3853 610 3928 malus
634 3855 845 3952 exagitabat
871 3851 970 3926 Saul.

211 3954 447 4028 Daemonium
470 3949 606 4026 occidit
629 3965 766 4048 septem
785 3953 888 4024 viros
914 3951 1013 4022 Sara»
1033 3945 1121 4021 filiae
1140 3945 1328 4044 Raguelis,
1363 3947 1428 4022 sed
1458 3949 1534 4028 fuit
1553 3991 1620 4044 Τὼ,
1635 3991 1660 4044 3,
1670 3992 1736 4046 Μ,

163 4052 323 4146 ejectum
346 4075 412 4144 per
439 4047 531 4122 boni
551 4050 673 4145 angeli
699 4047 895 4144 Raphaelis
921 4044 1139 4119 adventum.

212 4147 330 4240 Super
354 4143 529 4220 animalia
547 4143 619 4218 Job
635 4159 672 4219 et
692 4147 865 4235 domum,
882 4143 947 4216 ubi
974 4141 1042 4216 filii
1069 4140 1325 4232 comedebant,
1353 4154 1391 4215 et
1421 4169 1533 4240 super
1549 4152 1614 4224 lob·
1630 4169 1647 4208 ¹·
1668 4159 1694 4206 a
1708 4167 1735 4207 aa

164 4266 298 4338 corpus
324 4241 441 4336 ipsius
475 4241 546 4318 Job
575 4241 717 4320 sattim
744 4243 893 4339 tantum
919 4241 1043 4339 potuit
1055 4291 1066 4337 ,
1087 4241 1273 4339 quantiun
1295 4239 1542 4338 providentia

164 4338 298 4427 diuina
318 4337 505 4441 permisit,

1928 4015 1937 4049 Ι
