4452 5462
775 436 865 523 arc
1060 438 1329 530 plautus
1356 443 1590 533 enimv.
1638 440 1876 562 ruenni..

771 568 2113 628 μψἪ-*Ἣ

574 667 660 743 xpm,
673 693 695 730 „
707 686 734 734 οι
820 648 877 720 Ab
891 649 1058 726 adventu
1074 656 1233 752 Spiritds
1248 657 1425 732 sancti-in
1443 657 1645 772 discipulos¹
1656 668 1848 774 usquead
1861 685 2008 776 tempus
2019 685 2112 786 illud,

574 755 622 810 1³¹
635 752 720 800 totum
798 771 848 816 uo
866 747 936 818 aab
955 749 1169 824 Domitiano
1186 753 1349 826 Joannes
1370 755 1569 850 Apostolus
1591 755 1724 831 furtin
1746 765 1917 845 exilium
1935 777 2108 878 relegatus,

769 767 968 916 duxerunt
991 847 1081 918 anni
1095 849 1242 922 cunita
1263 849 1320 921 50.
1336 875 1432 942 ,nec
1455 863 1535 924 toto
1552 851 1617 924 illo
1643 865 1809 951 tempore
1839 862 1986 966 legitur,
2010 889 2056 953 tot
2077 895 2108 956 et

712 987 716 993 .
768 945 890 1008 tantas
917 942 1187 1015 consolationes
1205 943 1354 1019 divinas
1371 944 1574 1042 habuisse,
1588 949 1691 1044 quod
1709 951 1852 1032 habuit
1876 965 2010 1044 modico
2029 988 2105 1051 tem·

767 1055 873 1126 pore,
903 1060 979 1131 quo
1003 1037 1283 1114 tribulationem
1313 1065 1510 1138 perpessus
1533 1058 1591 1118 est
1612 1070 1620 1114 :
1645 1048 1744 1122 sicut
1770 1074 1927 1154 apparet
1954 1065 2048 1166 Apoc,
2074 1101 2100 1145 ι,

1028 1203 1033 1210 ’
1137 1216 1468 1306 TITULUS
1511 1223 1751 1313 CLXXIV.

1087 1341 1091 1352 ,
1340 1396 1548 1514 Tyranni.

564 1558 651 1613 ²¹⁰⁶·
671 1580 694 1616 ¹·
764 1515 921 1652 Varias
948 1581 1143 1659 adinvenit
1175 1559 1362 1687 nequitias
1384 1591 1548 1688 Pharao,
1571 1603 1616 1668 ut
1641 1612 1763 1692 posset
1786 1609 1998 1708 extinguere,
2025 1625 2086 1696 vet

564 1631 697 1761 :puppa
762 1669 808 1742 ad
834 1699 1036 1750 numerum
1061 1706 1222 1776 parvum
1249 1685 1413 1783 redigere
1441 1688 1537 1763 filios
1559 1693 1680 1766 Israel.
1704 1699 1877 1808 Imprimis
1903 1729 1957 1778 eos
1977 1709 2073 1788 duris

758 1763 949 1844 laboribus
978 1782 1152 1868 pracepit
1180 1779 1292 1875 affligi
1315 1808 1324 1849 ι
1347 1783 1482 1857 deinde
1508 1789 1689 1863 masculos
1719 1793 1849 1886 occidi,
1878 1813 1991 1894 postea
2018 1833 2073 1882 eos

757 1859 952 1936 mandavit
969 1863 1010 1934 in
1030 1865 1192 1944 fluvium
1214 1877 1363 1970 projici,
1381 1891 1419 1951 et
1436 1879 1610 1956 foeminas
1626 1894 1815 1963 reservari.
1831 1893 1943 1968 Primb
1958 1899 2075 1997 simpli-

758 1952 851 2026 citer
879 1955 978 2030 dixit
1000 1958 1145 2036 Pharao
1171 1993 1178 2035 :
1205 1967 1338 2043 Nescio
1363 1973 1585 2072 Dominum,
1606 1993 1644 2054 et
1669 1984 1783 2058 Israel
1809 2013 1881 2062 non
1905 1991 2075 2070 dimittam.

756 2045 901 2123 Deinde
933 2059 1115 2131 concessit
1144 2061 1270 2136 dicens
1294 2091 1302 2136 :
1326 2069 1402 2162 Ite,
1431 2072 1631 2148 sacrificate
1651 2079 1813 2156 Domino
1837 2091 1876 2158 in
1904 2100 1991 2161 terra
2005 2091 2075 2166 hac.

803 2143 936 2220 Postea
954 2149 1141 2228 dimittere
1161 2184 1223 2232 eos
1248 2161 1385 2257 voluit,
1406 2179 1450 2240 ut
1468 2170 1718 2249 sacrificarent
1731 2179 1885 2255 Domino
1893 2185 1931 2256 in
1942 2183 2074 2262 deserto.

754 2235 1024 2318 Verumtamen
1035 2247 1183 2346 longius
1202 2281 1249 2327 ne
1264 2257 1410 2334 abirent
1438 2267 1677 2360 postmodum
1688 2273 1830 2372 voluit,
1839 2290 1879 2352 ut
1896 2281 1964 2356 viri
1979 2283 2077 2378 irem,

638 2425 642 2432 μ
754 2331 846 2409 dum
869 2349 996 2415 tamen
1022 2369 1112 2419 oves
1144 2361 1181 2422 et
1207 2369 1376 2428 armenta
1403 2317 1648 2439 dimitterent.

581 2437 615 2472 ¹0
671 2439 707 2475 ·'
801 2431 1003 2603 Postssuam
1029 2439 1216 2520 intellexit
1234 2449 1397 2546 Pharao,
1418 2455 1519 2554 quod
1540 2458 1611 2534 filii
1631 2463 1747 2541 lsra'el
1766 2441 1959 2548 voluerunt
1979 2478 2074 2549 sacri-

552 2610 674 2670 ΜῘΜ.
752 2521 863 2601 ficare
923 2534 1072 2629 omino,
1098 2539 1230 2616 duride
1257 2543 1392 2623 afflixit
1425 2577 1501 2624 eos.

800 2623 1040 2724 Septuaginta
1052 2659 1170 2730 reges,
1183 2665 1245 2712 am
1274 2645 1387 2718 utatis
1405 2647 1588 2728 manuum
1603 2680 1646 2729 ac
1657 2659 1796 2756 padum
1807 2665 2074 2761 summitatibus,

750 2715 971 2813 colligebant
996 2728 1186 2824 reliquias
1200 2667 1273 2809 aab
1293 2765 1422 2815 mensa
1444 2744 1685 2827 Adonibczec.

552 2810 678 2885 suetan
795 2813 1010 2892 Abimelech
1025 2823 1126 2900 filius
1146 2829 1347 2930 Gedeonis,
1366 2854 1552 2936 risurpato
1560 2844 1723 2924 dominio
1740 2858 1849 2949 super'
1859 2859 2003 2951 populo,
2022 2886 2074 2957 yn·

512 2959 514 2964 .
745 2907 849 2980 viros
872 2909 1004 2987 fratres
1029 2945 1116 2994 suos
1137 2924 1273 2999 occidit
1295 2959 1407 3026 super
1430 2937 1587 3033 lapidem
1613 2969 1738 3016 unum.

549 3023 574 3058 ι.
589 3013 710 3079 neam.
793 3001 882 3068 Post
908 3001 1028 3074 multa
1049 3007 1227 3087 beneficia
1244 3042 1268 3088 a
1287 3024 1409 3100 David
1431 3048 1614 3134 percepta,
1632 3039 1718 3112 Saul
1739 3044 1909 3139 quesivit
1929 3047 2074 3120 eumad

743 3099 902 3166 mortem
928 3106 966 3168 et
996 3104 1131 3178 occidit
1154 3108 1211 3182 85.
1242 3115 1343 3192 viros
1372 3139 1560 3219 portantes
1587 3133 1732 3232 Ephod.

546 3205 649 3275 amp
662 3207 707 3262 ia...
790 3183 925 3264 Virum
951 3194 1277 3299 Dei,·arguentem
1308 3214 1504 3296 Jeroboarn
1541 3255 1610 3325 pro
1637 3231 1743 3306 altari
1764 3237 1955 3332 sacrilego,
1984 3237 2071 3335 quod

742 3292 1021 3384 construxerat,
1056 3304 1230 3397 praecepit
1258 3307 1338 3406 ipse
1368 3315 1571 3396 Jeroboam'
1594 3328 1830 3428 apprehendi.

543 3380 568 3431 s.
580 3382 642 3452 neg.
656 3399 695 3454 ¹9·
737 3376 928 3550 aedidibel
948 3385 1037 3462 fecit
1047 3393 1168 3470 Ellam
1185 3399 1231 3472 ad
1253 3421 1410 3530 mortem
1423 3420 1562 3514 quaeri,
1579 3425 1668 3520 quia
1683 3427 1881 3523 propbetas
1892 3428 1976 3501 Bnal
1990 3429 2066 3502 fecit

528 4223 630 4298 tlte·
645 4245 681 4286 ²¹·
779 4237 964 4315 Manasses
988 4271 1058 4323 rex
1088 4251 1186 4329 sada
1207 4269 1424 4362 sanguinem
1457 4277 1666 4360 innoxium
1687 4285 1821 4366 effirdit
1848 4303 1893 4366 et.
1914 4287 2069 4390 inplevit

727 4323 931 4410 Jerusalem
962 4363 1093 4419 cruore
1123 4351 1389 4440 innocentum..
