4502 5484
810 331 863 432 54
889 325 1153 415 TITULUS
1171 323 1368 414 xxvlll.
1389 321 1658 414 Confidentia
1677 345 1721 410 et
1741 321 2105 442 MagnanImitas.

858 546 1067 642 Stephanus
1093 549 1225 644 plenus
1254 549 1372 644 gratia
1395 555 1432 616 et
1456 541 1702 634 fortitudine,
1730 538 1921 616 Christum
1946 547 2173 632 Dominum

678 708 683 716 .
810 667 898 713 cum
922 643 1018 714 mira
1037 643 1205 717 libertate
1226 641 1466 739 praedicabat,
1492 649 1529 710 et
1559 635 1707 708 Judaeos
1728 637 1922 732 increpans
1944 647 2171 730 confunde.

811 736 896 826 bat,
924 735 1050 810 dicens
1069 741 1168 812 inter
1188 751 1318 812 caetera
1337 763 1345 806 :
1362 737 1465 808 Dura
1482 733 1647 822 cervice,
1662 742 1700 800 ct
1716 729 1965 838 incircumcisi
1984 743 2105 816 corde
2128 761 2169 820 et

812 831 988 923 auribus,
1012 859 1082 906 vos
1105 855 1248 929 semper
1266 831 1420 929 Spiritui
1442 833 1574 901 Sancto
1598 826 1779 935 resistitrs.
1964 925 1970 938 ⁸

861 927 1096 1020 Magistratus
1118 941 1155 1000 et
1180 929 1343 1002 ministri
1366 921 1554 1020 arguendo
1574 920 1779 1009 d1xerunt,
1809 921 1994 1017 Apostohs
2025 937 2165 1023 μηροὶ-

812 1019 947 1116 piendo
967 1045 975 1088 :
994 1022 1110 1094 Prteci
1135 1027 1233 1096 imus
1259 1022 1384 1109 vobis,
1410 1045 1459 1091 ne
1476 1016 1636 1090 doceatis
1652 1016 1695 1086 in
1716 1019 1868 1088 nomine
1893 1020 1975 1091 isto.
2003 1023 2059 1096 Et
2080 1052 2163 1100 ecoe

811 1111 961 1210 repletis
988 1115 1096 1188 Jerus
1133 1141 1189 1188 em
1211 1115 1380 1188 doctrina
1395 1113 1546 1202 vestre,
1568 1122 1606 1184 et
1626 1109 1742 1184 vultis
1765 1135 1958 1206 supernos
1978 1115 2160 1195 inducere

812 1209 1032 1302 sanguinem
1058 1211 1176 1284 istius.
1199 1209 1473 1306 Respondentes
1491 1219 1618 1280 autem
1631 1205 1762 1278 Petrus
1784 1217 1821 1278 et
1839 1209 2031 1303 Apostoli,
2056 1211 2159 1288 dixe-

799 1315 904 1376 ·runt
925 1328 932 1370 :
952 1305 1111 1377 Obedire
1132 1307 1250 1402 magis
1277 1315 1420 1400 oportet
1437 1304 1537 1390 Deo,
1559 1323 1674 1396 quam
1698 1298 1925 1374 hominibus.

860 1397 1001 1470 Paulus
1017 1401 1425 1507 spostoluapraesente
1440 1397 1556 1470 Paulo
1592 1393 1803 1486 roconsule,
1817 1393 1992 1509 Elymam
2010 1428 2155 1500 magum
2206 1389 2207 1400 ἢ

756 1557 763 1568 ,
815 1492 1014 1564 durissime
1032 1497 1263 1590 increparit,
1284 1493 1377 1566 etad
1396 1506 1542 1587 tempus
1561 1421 1714 1566 Idrnine¹
1725 1489 1917 1563 oculorum
1934 1503 2115 1587 privavit.

703 1625 714 1658 ι
736 1641 743 1655 .
867 1585 962 1657 Cum
981 1585 1191 1660 mandasset
1206 1588 1461 1682 magistratus,
1475 1599 1520 1658 ut
1534 1583 1673 1657 Paulus
1694 1585 1833 1658 essitas
1848 1583 2102 1668 liberarentur
2118 1596 2158 1666 de

818 1703 980 1770 carcere,
995 1680 1135 1752 Paulas
1155 1681 1255 1755 dixit
1270 1685 1322 1754 eis
1342 1706 1349 1749 :
1369 1681 1490 1752 Coesos
1505 1705 1574 1752 nos
1591 1679 1755 1774 publice,
1772 1677 1942 1754 homines
1957 1685 2159 1780 Romanos,

816 1773 1052 1846 indemnatos
1078 1777 1262 1850 miserunt
1280 1777 1326 1848 in·
1337 1799 1542 1867 carcerem,
1566 1787 1604 1846 et
1624 1799 1728 1846 nunc
1747 1774 1888 1848 occulte
1903 1801 1970 1850 nos
1990 1784 2156 1876 ejiciunt.

816 1871 866 1940 'Et
886 1869 938 1939 sic
959 1867 1108 1956 locutus
1133 1883 1205 1961 est,
1230 1871 1331 1966 quod
1356 1871 1413 1942 illi
1435 1871 1609 1944 timentes
1635 1882 1849 1962 venerunt,
1877 1883 1913 1944 et
1932 1895 2161 1968 rogaverunt

818 1989 903 2052 eos,
928 1975 972 2035 ut
989 1964 1250 2061 egrederentur
1269 1966 1315 2039 de
1331 1965 1395 2042 illa
1417 1964 1576 2039 civitate.

647 2103 660 2136 e
706 2101 745 2134 ι.
867 2059 1061 2132 Commota
1082 2072 1119 2133 et
1141 2061 1297 2134 confusa
1318 2063 1469 2136 civitate
1490 2060 1699 2157 Ephesina,
1735 2061 1836 2136 cives
1859 2064 2025 2154 impetum
2051 2064 2163 2139 fece-

626 2740 686 2788 Act·
701 2732 788 2786 sini.

630 3025 720 3076 Actor·
729 3039 773 3092 ⁴27.

628 3299 788 3382 Augustinus

661 3466 702 3498 ειν
715 3459 725 3501 t

663 3383 683 3460 ¹:
700 3383 795 3498 rdoeDe

818 2165 910 2227 runt
927 2156 1155 2232 unanimiter
1169 2159 1211 2230 in
1230 2156 1441 2248 theatrum,
1467 2157 1583 2250 raptis
1598 2154 1796 2228 conatibus
1812 2153 1924 2228 Pauli.
1936 2155 2081 2230 Paulus
2098 2188 2160 2236 au-

819 2265 896 2323 tem
910 2249 1032 2323 voluit
1048 2252 1187 2324 intrare
1207 2254 1249 2324 in
1269 2254 1416 2347 ipsum,
1443 2251 1506 2322 sed
1523 2275 1601 2326 non
1617 2250 1866 2344 permiserunt
1875 2275 1962 2358 eum
1976 2249 2158 2350 discipuli.

868 2344 1085 2420 valedicens
1100 2346 1280 2420 fratribus
1295 2345 1341 2417 de
1361 2346 1449 2418 Asia
1473 2345 1618 2416 dicebat
1639 2346 1778 2418 Paulus
1797 2371 1804 2414 :
1825 2346 1848 2416 S
1873 2357 1981 2419 tritus
2003 2350 2156 2424 Sanctus

819 2467 886 2534 per
907 2465 1036 2510 omnes
1059 2444 1229 2510 civitates
1244 2447 1470 2530 protestatur
1489 2435 1606 2528 mihi,
1628 2439 1716 2532 quia
1733 2439 1849 2512 vincu
1900 2453 1936 2511 et
1953 2443 2157 2520 tribulatio-

821 2556 889 2601 nes
911 2553 970 2600 me
986 2543 1140 2600 manent
1156 2533 1198 2600 in
1216 2530 1439 2619 Jerusalem,
1457 2530 1520 2602 sed
1535 2531 1654 2623 nihil,
1673 2534 1845 2628 inquam,
1859 2533 1999 2610 horum
2019 2565 2154 2634 vereor,

823 2645 893 2692 nec
918 2621 1014 2694 facio
1036 2624 1198 2694 animam
1223 2647 1344 2696 meam
1359 2626 1611 2721 pretiosiorem
1631 2652 1745 2719 quam
1766 2653 1826 2700 me
1843 2640 1910 2700 etc.

873 2713 1005 2787 Coram
1024 2715 1098 2787 illis
1111 2715 1322 2812 judicibus,
1343 2743 1438 2813 quos
1451 2718 1582 2794 habuit
1597 2721 1757 2816 Paulus,
1773 2725 1905 2796 miram
1922 2735 2156 2824 magnanimi-

824 2821 940 2880 tatem
965 2810 1143 2901 ostendit,
1167 2811 1340 2884 videlicet
1356 2837 1478 2886 coram
1492 2814 1637 2889 Ananis
1653 2819 1818 2914 principe
1834 2822 2087 2916 sacerdotum,
2103 2831 2157 2899 Fe

824 2901 917 2992 lice,
944 2915 981 2974 et
997 2903 1129 2994 Festo,
1150 2931 1264 3002 aquo
1285 2907 1478 2980 manifeste
1501 2925 1700 3004 gravatus,
1725 2913 1906 2988 Caesarem
1934 2921 2135 3016 appellavit.

873 2997 918 3066 In
949 3008 1003 3068 tot
1025 3010 1062 3069 et
1083 3003 1124 3072 in
1151 3003 1265 3096 tantis
1289 3003 1463 3098 periculis
1491 3007 1718 3080 constitutus
1740 3009 1897 3103 Paulus,
1926 3005 2062 3111 semper
2087 3015 2157 3090 fuit

825 3090 1033 3188 intrepidus
1063 3108 1099 3169 et
1125 3120 1298 3192 saumas,
1322 3111 1360 3170 et
1378 3097 1450 3172 hoc
1474 3103 1657 3197 praecipue
1681 3108 1851 3208 apparuit
1873 3110 1917 3182 in
1937 3123 2155 3206 tempestate,

827 3212 939 3283 quam
966 3211 1073 3283 passa
1093 3204 1149 3264 est
1170 3195 1278 3286 nayis
1298 3219 1375 3266 sua.

874 3283 929 3355 De
949 3283 1155 3388 ipso‘beato
1173 3287 1289 3379 Paulo
1306 3286 1397 3360 dicit
1418 3289 1649 3385 Augustinus
1668 3293 1796 3368 :illum
1813 3312 2068 3394 opportunum
2086 3305 2155 3402 (in-

827 3377 932 3474 quit)
953 3377 1251 3454 refertissimum
1268 3384 1417 3476 virum,
1439 3384 1564 3481 quiin
1583 3387 1660 3460 suis
1678 3387 1956 3468 infirmitatibus
1972 3399 2155 3492 gloriatur,

655 3467 804 3586 naidas
825 3475 892 3585 qni
915 3473 999 3568 plus
1027 3477 1104 3549 suis
1123 3476 1298 3550 omnibus
1322 3479 1581 3575 condiscipulis
1599 3482 1813 3556 laborabat:
1838 3489 1971 3583 Illum,
1989 3495 2155 3588 inquam,

823 3594 952 3642 virum
977 3569 1127 3644 beatum
1150 3571 1531 3670 Paulum,Athletam
1544 3575 1705 3668 Christi,
1728 3577 1878 3654 ductum
1897 3585 1944 3658 ab
1965 3587 2033 3659 illo
2046 3591 2157 3678 ,vine

825 3675 911 3734 tum
936 3662 981 3732 de
999 3664 1081 3752 illo,
1103 3666 1329 3740 crucifixum
1356 3693 1442 3742 cum
1467 3667 1549 3760 illo,
1573 3670 1773 3764 gloriosum
1790 3675 1832 3748 in
1853 3675 1938 3771 illo,
1960 3683 2005 3753 in
2022 3682 2159 3755 theatro

825 3755 1120 3849 hujusmundi,
1148 3763 1209 3832 cui
1232 3764 1482 3856 spectaculum
1508 3763 1628 3834 sactus
1657 3778 1738 3858 est,
1764 3781 1802 3841 et
1824 3773 1962 3867 angelis
1984 3789 2025 3848 et
2045 3777 2160 3850 homi-

827 3848 964 3934 nibus,
985 3845 1146 3940 legitime
1162 3877 1296 3948 magno
1317 3881 1432 3950 agone
1454 3869 1677 3951 certantem,
1695 3861 1803 3936 oculo
1824 3863 1910 3940 fidei
1923 3868 2159 3947 libentissime

829 3949 1037 4030 spectamus
1059 3943 1216 4035 gaudere
1237 3971 1324 4022 cum
1346 3949 1613 4044 gaudentibus,
1638 3953 1727 4026 flere
1749 3981 1834 4030 cum
1851 3961 2057 4057 flentibus,
2085 3967 2160 4040 foris

827 4029 1007 4198 lepberptes
1028 4060 1192 4131 pugnas,
1213 4041 1315 4116 intus
1340 4048 1506 4138 timores,
1527 4047 1737 4140 cupientem
1758 4051 1912 4133 dissolvi
1927 4069 1964 4132 et
1983 4085 2069 4138 esse
2087 4086 2163 4136 cum

873 4149 938 4196 ins
957 4152 989 4198 o.
